@ARTICLE{de_boer_et_al_2017,
   author = {{de Boer}, T.~J.~L. and {Belokurov}, V. and {Koposov}, S.~E.
	},
    title = "{The fall of the Northern Unicorn: Tangential motions in the Galactic Anti-centre with SDSS and Gaia}",
  journal = {ArXiv e-prints},
archivePrefix = "arXiv",
   eprint = {1706.09468},
 keywords = {Astrophysics - Astrophysics of Galaxies},
     year = 2017,
    month = jun,
   adsurl = {http://adsabs.harvard.edu/abs/2017arXiv170609468D},
  adsnote = {Provided by the SAO/NASA Astrophysics Data System}
}


@ARTICLE{acs_disc,
   author = {{Grillmair}, C.~J.},
    title = "{Substructure in Tidal Streams: Tributaries in the Anticenter Stream}",
  journal = {\apjl},
   eprint = {astro-ph/0609449},
 keywords = {Galaxy: Halo, Galaxy: Structure},
     year = 2006,
    month = nov,
   volume = 651,
    pages = {L29-L32},
      doi = {10.1086/509255},
   adsurl = {http://adsabs.harvard.edu/abs/2006ApJ...651L..29G},
  adsnote = {Provided by the SAO/NASA Astrophysics Data System}
}


@ARTICLE{ibata_et_al_2003,
   author = {{Ibata}, R.~A. and {Irwin}, M.~J. and {Lewis}, G.~F. and {Ferguson}, A.~M.~N. and 
	{Tanvir}, N.},
    title = "{One ring to encompass them all: a giant stellar structure that surrounds the Galaxy}",
  journal = {\mnras},
   eprint = {astro-ph/0301067},
 keywords = {Galaxy: disc, Galaxy: structure, galaxies: interactions},
     year = 2003,
    month = apr,
   volume = 340,
    pages = {L21-L27},
      doi = {10.1046/j.1365-8711.2003.06545.x},
   adsurl = {http://adsabs.harvard.edu/abs/2003MNRAS.340L..21I},
  adsnote = {Provided by the SAO/NASA Astrophysics Data System}
}

@ARTICLE{monoceros_disc,
   author = {{Newberg}, H.~J. and {Yanny}, B. and {Rockosi}, C. and {Grebel}, E.~K. and 
	{Rix}, H.-W. and {Brinkmann}, J. and {Csabai}, I. and {Hennessy}, G. and 
	{Hindsley}, R.~B. and {Ibata}, R. and {Ivezi{\'c}}, Z. and {Lamb}, D. and 
	{Nash}, E.~T. and {Odenkirchen}, M. and {Rave}, H.~A. and {Schneider}, D.~P. and 
	{Smith}, J.~A. and {Stolte}, A. and {York}, D.~G.},
    title = "{The Ghost of Sagittarius and Lumps in the Halo of the Milky Way}",
  journal = {\apj},
   eprint = {astro-ph/0111095},
 keywords = {Galaxy: Halo, Galaxy: Structure},
     year = 2002,
    month = apr,
   volume = 569,
    pages = {245-274},
      doi = {10.1086/338983},
   adsurl = {http://adsabs.harvard.edu/abs/2002ApJ...569..245N},
  adsnote = {Provided by the SAO/NASA Astrophysics Data System}
}


@ARTICLE{onions_et_al_2012,
   author = {{Onions}, J. and {Knebe}, A. and {Pearce}, F.~R. and {Muldrew}, S.~I. and 
	{Lux}, H. and {Knollmann}, S.~R. and {Ascasibar}, Y. and {Behroozi}, P. and 
	{Elahi}, P. and {Han}, J. and {Maciejewski}, M. and {Merch{\'a}n}, M.~E. and 
	{Neyrinck}, M. and {Ruiz}, A.~N. and {Sgr{\'o}}, M.~A. and {Springel}, V. and 
	{Tweed}, D.},
    title = "{Subhaloes going Notts: the subhalo-finder comparison project}",
  journal = {\mnras},
archivePrefix = "arXiv",
   eprint = {1203.3695},
 primaryClass = "astro-ph.CO",
 keywords = {methods: numerical, galaxies: evolution, galaxies: haloes, cosmology: theory, dark matter},
     year = 2012,
    month = jun,
   volume = 423,
    pages = {1200-1214},
      doi = {10.1111/j.1365-2966.2012.20947.x},
   adsurl = {http://adsabs.harvard.edu/abs/2012MNRAS.423.1200O},
  adsnote = {Provided by the SAO/NASA Astrophysics Data System}
}


@ARTICLE{power_et_al_2003,
   author = {{Power}, C. and {Navarro}, J.~F. and {Jenkins}, A. and {Frenk}, C.~S. and 
	{White}, S.~D.~M. and {Springel}, V. and {Stadel}, J. and {Quinn}, T.
	},
    title = "{The inner structure of {$\Lambda$}CDM haloes - I. A numerical convergence study}",
  journal = {\mnras},
   eprint = {astro-ph/0201544},
 keywords = {gravitation, cosmology: theory, dark matter},
     year = 2003,
    month = jan,
   volume = 338,
    pages = {14-34},
      doi = {10.1046/j.1365-8711.2003.05925.x},
   adsurl = {http://adsabs.harvard.edu/abs/2003MNRAS.338...14P},
  adsnote = {Provided by the SAO/NASA Astrophysics Data System}
}



@ARTICLE{planck_2014,
   author = {{Planck Collaboration} and {Ade}, P.~A.~R. and {Aghanim}, N. and 
	{Armitage-Caplan}, C. and {Arnaud}, M. and {Ashdown}, M. and 
	{Atrio-Barandela}, F. and {Aumont}, J. and {Baccigalupi}, C. and 
	{Banday}, A.~J. and et al.},
    title = "{Planck 2013 results. XVI. Cosmological parameters}",
  journal = {\aap},
archivePrefix = "arXiv",
   eprint = {1303.5076},
 keywords = {cosmic background radiation, cosmological parameters, early Universe, inflation, primordial nucleosynthesis},
     year = 2014,
    month = nov,
   volume = 571,
      eid = {A16},
    pages = {A16},
      doi = {10.1051/0004-6361/201321591},
   adsurl = {http://adsabs.harvard.edu/abs/2014A26A...571A..16P},
  adsnote = {Provided by the SAO/NASA Astrophysics Data System}
}


@ARTICLE{hu_sijacki_2016,
   author = {{Hu}, S. and {Sijacki}, D.},
    title = "{Stellar spiral structures in triaxial dark matter haloes}",
  journal = {\mnras},
archivePrefix = "arXiv",
   eprint = {1507.01643},
 keywords = {methods: numerical, galaxies: haloes, galaxies: spiral},
     year = 2016,
    month = sep,
   volume = 461,
    pages = {2789-2808},
      doi = {10.1093/mnras/stw1463},
   adsurl = {http://adsabs.harvard.edu/abs/2016MNRAS.461.2789H},
  adsnote = {Provided by the SAO/NASA Astrophysics Data System}
}



@ARTICLE{laporte_et_al_2016,
   author = {{Laporte}, C.~F.~P. and {G{\'o}mez}, F.~A. and {Besla}, G. and 
	{Johnston}, K.~V. and {Garavito-Camargo}, N.},
    title = "{Response of the Milky Way's disc to the Large Magellanic Cloud in a first infall scenario}",
  journal = {ArXiv e-prints},
archivePrefix = "arXiv",
   eprint = {1608.04743},
 keywords = {Astrophysics - Astrophysics of Galaxies},
     year = 2016,
    month = aug,
   adsurl = {http://adsabs.harvard.edu/abs/2016arXiv160804743L},
  adsnote = {Provided by the SAO/NASA Astrophysics Data System}
}



@ARTICLE{van_dokkum_etal_2013,
   author = {{van Dokkum}, P.~G. and {Leja}, J. and {Nelson}, E.~J. and {Patel}, S. and 
	{Skelton}, R.~E. and {Momcheva}, I. and {Brammer}, G. and {Whitaker}, K.~E. and 
	{Lundgren}, B. and {Fumagalli}, M. and {Conroy}, C. and {F{\"o}rster Schreiber}, N. and 
	{Franx}, M. and {Kriek}, M. and {Labb{\'e}}, I. and {Marchesini}, D. and 
	{Rix}, H.-W. and {van der Wel}, A. and {Wuyts}, S.},
    title = "{The Assembly of Milky-Way-like Galaxies Since z \~{} 2.5}",
  journal = {\apjl},
archivePrefix = "arXiv",
   eprint = {1304.2391},
 keywords = {cosmology: observations, galaxies: evolution, Galaxy: formation, Galaxy: structure },
     year = 2013,
    month = jul,
   volume = 771,
      eid = {L35},
    pages = {L35},
      doi = {10.1088/2041-8205/771/2/L35},
   adsurl = {http://adsabs.harvard.edu/abs/2013ApJ...771L..35V},
  adsnote = {Provided by the SAO/NASA Astrophysics Data System}
}



@ARTICLE{onorbe_etal_2014,
   author = {{O{\~n}orbe}, J. and {Garrison-Kimmel}, S. and {Maller}, A.~H. and 
	{Bullock}, J.~S. and {Rocha}, M. and {Hahn}, O.},
    title = "{How to zoom: bias, contamination and Lagrange volumes in multimass cosmological simulations}",
  journal = {\mnras},
archivePrefix = "arXiv",
   eprint = {1305.6923},
 keywords = {methods: numerical, galaxies: formation, galaxies: haloes, cosmology: theory},
     year = 2014,
    month = jan,
   volume = 437,
    pages = {1894-1908},
      doi = {10.1093/mnras/stt2020},
   adsurl = {http://adsabs.harvard.edu/abs/2014MNRAS.437.1894O},
  adsnote = {Provided by the SAO/NASA Astrophysics Data System}
}



@ARTICLE{springel_2005,
   author = {{Springel}, V.},
    title = "{The cosmological simulation code GADGET-2}",
  journal = {\mnras},
   eprint = {astro-ph/0505010},
 keywords = {methods: numerical, galaxies: interactions, dark matter},
     year = 2005,
    month = dec,
   volume = 364,
    pages = {1105-1134},
      doi = {10.1111/j.1365-2966.2005.09655.x},
   adsurl = {http://adsabs.harvard.edu/abs/2005MNRAS.364.1105S},
  adsnote = {Provided by the SAO/NASA Astrophysics Data System}
}



@ARTICLE{pakmorMHD,
   author = {{Pakmor}, R. and {Springel}, V.},
    title = "{Simulations of magnetic fields in isolated disc galaxies}",
  journal = {\mnras},
archivePrefix = "arXiv",
   eprint = {1212.1452},
 primaryClass = "astro-ph.CO",
 keywords = {MHD, methods: numerical, galaxies: formation},
     year = 2013,
    month = jun,
   volume = 432,
    pages = {176-193},
      doi = {10.1093/mnras/stt428},
   adsurl = {http://adsabs.harvard.edu/abs/2013MNRAS.432..176P},
  adsnote = {Provided by the SAO/NASA Astrophysics Data System}
}

@ARTICLE{gomezwarps,
   author = {{G{\'o}mez}, F.~A. and {White}, S.~D.~M. and {Grand}, R.~J.~J. and 
	{Marinacci}, F. and {Springel}, V. and {Pakmor}, R.},
    title = "{Warps and waves in fully cosmological models of galactic discs}",
  journal = {ArXiv e-prints},
archivePrefix = "arXiv",
   eprint = {1606.06295},
 keywords = {Astrophysics - Astrophysics of Galaxies},
     year = 2016,
    month = jun,
   adsurl = {http://adsabs.harvard.edu/abs/2016arXiv160606295G},
  adsnote = {Provided by the SAO/NASA Astrophysics Data System}
}

@ARTICLE{katz1996feedback,
   author = {{Katz}, N. and {Weinberg}, D.~H. and {Hernquist}, L.},
    title = "{Cosmological Simulations with TreeSPH}",
  journal = {\apjs},
   eprint = {astro-ph/9509107},
 keywords = {METHODS: NUMERICAL, HYDRODYNAMICS, GALAXIES: FORMATION, COSMOLOGY: LARGE-SCALE STRUCTURE OF UNIVERSE, COSMOLOGY: THEORY, COSMOLOGY: DARK MATTER},
     year = 1996,
    month = jul,
   volume = 105,
    pages = {19},
      doi = {10.1086/192305},
   adsurl = {http://adsabs.harvard.edu/abs/1996ApJS..105...19K},
  adsnote = {Provided by the SAO/NASA Astrophysics Data System}
}


@ARTICLE{springel2003feedback,
   author = {{Springel}, V. and {Hernquist}, L.},
    title = "{Cosmological smoothed particle hydrodynamics simulations: a hybrid multiphase model for star formation}",
  journal = {\mnras},
   eprint = {astro-ph/0206393},
 keywords = {methods: numerical, galaxies: evolution, galaxies: formation},
     year = 2003,
    month = feb,
   volume = 339,
    pages = {289-311},
      doi = {10.1046/j.1365-8711.2003.06206.x},
   adsurl = {http://adsabs.harvard.edu/abs/2003MNRAS.339..289S},
  adsnote = {Provided by the SAO/NASA Astrophysics Data System}
}


@ARTICLE{stinson2006,
   author = {{Stinson}, G. and {Seth}, A. and {Katz}, N. and {Wadsley}, J. and 
	{Governato}, F. and {Quinn}, T.},
    title = "{Star formation and feedback in smoothed particle hydrodynamic simulations - I. Isolated galaxies}",
  journal = {\mnras},
   eprint = {astro-ph/0602350},
 keywords = {hydrodynamics, methods: N-body simulations, stars: formation, Galaxy: evolution},
     year = 2006,
    month = dec,
   volume = 373,
    pages = {1074-1090},
      doi = {10.1111/j.1365-2966.2006.11097.x},
   adsurl = {http://adsabs.harvard.edu/abs/2006MNRAS.373.1074S},
  adsnote = {Provided by the SAO/NASA Astrophysics Data System}
}


@MISC{music,
   author = {{Hahn}, O. and {Abel}, T.},
    title = "{MUSIC: MUlti-Scale Initial Conditions}",
 keywords = {Software},
howpublished = {Astrophysics Source Code Library},
     year = 2013,
    month = nov,
archivePrefix = "ascl",
   eprint = {1311.011},
   adsurl = {http://adsabs.harvard.edu/abs/2013ascl.soft11011H},
  adsnote = {Provided by the SAO/NASA Astrophysics Data System}
}

@ARTICLE{rockstar,
   author = {{Behroozi}, P.~S. and {Wechsler}, R.~H. and {Wu}, H.-Y.},
    title = "{The ROCKSTAR Phase-space Temporal Halo Finder and the Velocity Offsets of Cluster Cores}",
  journal = {\apj},
archivePrefix = "arXiv",
   eprint = {1110.4372},
 primaryClass = "astro-ph.CO",
 keywords = {dark matter, methods: numerical},
     year = 2013,
    month = jan,
   volume = 762,
      eid = {109},
    pages = {109},
      doi = {10.1088/0004-637X/762/2/109},
   adsurl = {http://adsabs.harvard.edu/abs/2013ApJ...762..109B},
  adsnote = {Provided by the SAO/NASA Astrophysics Data System}
}



@ARTICLE{RoskarDiskMisalignment,
   author = {{Ro{\v s}kar}, R. and {Debattista}, V.~P. and {Brooks}, A.~M. and 
	{Quinn}, T.~R. and {Brook}, C.~B. and {Governato}, F. and {Dalcanton}, J.~J. and 
	{Wadsley}, J.},
    title = "{Misaligned angular momentum in hydrodynamic cosmological simulations: warps, outer discs and thick discs}",
  journal = {\mnras},
archivePrefix = "arXiv",
   eprint = {1006.1659},
 keywords = {Galaxy: stellar content, galaxies: evolution, galaxies: kinematics and dynamics, galaxies: spiral, galaxies: stellar content},
     year = 2010,
    month = oct,
   volume = 408,
    pages = {783-796},
      doi = {10.1111/j.1365-2966.2010.17178.x},
   adsurl = {http://adsabs.harvard.edu/abs/2010MNRAS.408..783R},
  adsnote = {Provided by the SAO/NASA Astrophysics Data System}
}

@ARTICLE{BarnesAxisRatios,
   author = {{Barnes}, J. and {Efstathiou}, G.},
    title = "{Angular momentum from tidal torques}",
  journal = {\apj},
 keywords = {Angular Momentum, Dark Matter, Galactic Clusters, Galactic Evolution, Many Body Problem, Tides, Astronomical Models, Galactic Rotation, White Noise},
     year = 1987,
    month = aug,
   volume = 319,
    pages = {575-600},
      doi = {10.1086/165480},
   adsurl = {http://adsabs.harvard.edu/abs/1987ApJ...319..575B},
  adsnote = {Provided by the SAO/NASA Astrophysics Data System}
}

@ARTICLE{Debattista2008HaloShape,
   author = {{Debattista}, V.~P. and {Moore}, B. and {Quinn}, T. and {Kazantzidis}, S. and 
	{Maas}, R. and {Mayer}, L. and {Read}, J. and {Stadel}, J.},
    title = "{The Causes of Halo Shape Changes Induced by Cooling Baryons: Disks versus Substructures}",
  journal = {\apj},
archivePrefix = "arXiv",
   eprint = {0707.0737},
 keywords = {dark matter, galaxies: evolution, galaxies: formation, galaxies: halos },
     year = 2008,
    month = jul,
   volume = 681,
      eid = {1076-1088},
    pages = {1076-1088},
      doi = {10.1086/587977},
   adsurl = {http://adsabs.harvard.edu/abs/2008ApJ...681.1076D},
  adsnote = {Provided by the SAO/NASA Astrophysics Data System}
}


@ARTICLE{BovyErkalTidalStreams,
   author = {{Bovy}, J. and {Erkal}, D. and {Sanders}, J.~L.},
    title = "{Linear perturbation theory for tidal streams and the small-scale CDM power spectrum}",
  journal = {ArXiv e-prints},
archivePrefix = "arXiv",
   eprint = {1606.03470},
 keywords = {Astrophysics - Astrophysics of Galaxies, Astrophysics - Cosmology and Nongalactic Astrophysics},
     year = 2016,
    month = jun,
   adsurl = {http://adsabs.harvard.edu/abs/2016arXiv160603470B},
  adsnote = {Provided by the SAO/NASA Astrophysics Data System}
}


@ARTICLE{DeBuhrStellarDisks,
   author = {{DeBuhr}, J. and {Ma}, C.-P. and {White}, S.~D.~M.},
    title = "{Stellar discs in Aquarius dark matter haloes}",
  journal = {\mnras},
archivePrefix = "arXiv",
   eprint = {1205.6472},
 keywords = {galaxies: evolution, galaxies: formation, galaxies: kinematics and dynamics, galaxies: structure, cosmology: theory, dark matter},
     year = 2012,
    month = oct,
   volume = 426,
    pages = {983-999},
      doi = {10.1111/j.1365-2966.2012.21910.x},
   adsurl = {http://adsabs.harvard.edu/abs/2012MNRAS.426..983D},
  adsnote = {Provided by the SAO/NASA Astrophysics Data System}
}

@ARTICLE{YurinSpringelStellarDisks,
   author = {{Yurin}, D. and {Springel}, V.},
    title = "{The stability of stellar discs in Milky Way-sized dark matter haloes}",
  journal = {\mnras},
archivePrefix = "arXiv",
   eprint = {1411.3729},
 keywords = {methods: numerical, galaxies: formation, galaxies: kinematics and dynamics, cosmology: theory, dark matter},
     year = 2015,
    month = sep,
   volume = 452,
    pages = {2367-2387},
      doi = {10.1093/mnras/stv1454},
   adsurl = {http://adsabs.harvard.edu/abs/2015MNRAS.452.2367Y},
  adsnote = {Provided by the SAO/NASA Astrophysics Data System}
}


@ARTICLE{ErkalSubstructureStreamGaps,
   author = {{Erkal}, D. and {Belokurov}, V. and {Bovy}, J. and {Sanders}, J.~L.
	},
    title = "{The number and size of subhalo-induced gaps in stellar streams}",
  journal = {ArXiv e-prints},
archivePrefix = "arXiv",
   eprint = {1606.04946},
 keywords = {Astrophysics - Astrophysics of Galaxies},
     year = 2016,
    month = jun,
   adsurl = {http://adsabs.harvard.edu/abs/2016arXiv160604946E},
  adsnote = {Provided by the SAO/NASA Astrophysics Data System}
}


@ARTICLE{DOhngiaSubstructureDepletion,
   author = {{D'Onghia}, E. and {Springel}, V. and {Hernquist}, L. and {Keres}, D.
	},
    title = "{Substructure Depletion in the Milky Way Halo by the Disk}",
  journal = {\apj},
archivePrefix = "arXiv",
   eprint = {0907.3482},
 keywords = {dark matter, Galaxy: disk, Galaxy: formation},
     year = 2010,
    month = feb,
   volume = 709,
    pages = {1138-1147},
      doi = {10.1088/0004-637X/709/2/1138},
   adsurl = {http://adsabs.harvard.edu/abs/2010ApJ...709.1138D},
  adsnote = {Provided by the SAO/NASA Astrophysics Data System}
}


@ARTICLE{AnalyticDisks,
   author = {{Steiman-Cameron}, T.~Y. and {Durisen}, R.~H.},
    title = "{A simple analytic model for the evolution of captured galactic disks}",
  journal = {\apj},
 keywords = {Disk Galaxies, Galactic Evolution, Galactic Structure, Gravitational Fields, Interacting Galaxies, Galactic Rotation, Mass Distribution, Time Dependence},
     year = 1990,
    month = jul,
   volume = 357,
    pages = {62-70},
      doi = {10.1086/168891},
   adsurl = {http://adsabs.harvard.edu/abs/1990ApJ...357...62S},
  adsnote = {Provided by the SAO/NASA Astrophysics Data System}
}


@ARTICLE{QuinnIntegrators,
   author = {{Quinn}, T. and {Katz}, N. and {Stadel}, J. and {Lake}, G.},
    title = "{Time stepping N-body simulations}",
  journal = {ArXiv Astrophysics e-prints},
   eprint = {astro-ph/9710043},
 keywords = {Astrophysics},
     year = 1997,
    month = oct,
   adsurl = {http://adsabs.harvard.edu/abs/1997astro.ph.10043Q},
  adsnote = {Provided by the SAO/NASA Astrophysics Data System}
}

@ARTICLE{DubinskiKuijkenRigidDisks,
   author = {{Dubinski}, J. and {Kuijken}, K.},
    title = "{The settling of warped disks in oblate dark halos}",
  journal = {\apj},
   eprint = {astro-ph/9404003},
 keywords = {Astronomical Models, Bending, Galactic Bulge, Galactic Evolution, Galactic Halos, Galactic Structure, Rotating Disks, Spiral Galaxies, Dynamic Characteristics, Gravitational Effects, Mathematical Models, Precession, Torque},
     year = 1995,
    month = apr,
   volume = 442,
    pages = {492-503},
      doi = {10.1086/175456},
   adsurl = {http://adsabs.harvard.edu/abs/1995ApJ...442..492D},
  adsnote = {Provided by the SAO/NASA Astrophysics Data System}
}


@ARTICLE{GadgetCodePaper,
   author = {{Springel}, V.},
    title = "{The cosmological simulation code GADGET-2}",
  journal = {\mnras},
   eprint = {astro-ph/0505010},
 keywords = {methods: numerical, galaxies: interactions, dark matter},
     year = 2005,
    month = dec,
   volume = 364,
    pages = {1105-1134},
      doi = {10.1111/j.1365-2966.2005.09655.x},
   adsurl = {http://adsabs.harvard.edu/abs/2005MNRAS.364.1105S},
  adsnote = {Provided by the SAO/NASA Astrophysics Data System}
}

% editor = {Julie M. DeSilva},
@Book{ThorntonAndMarion,
author = {Stephen T. Thornton and Jerry B. Marion},
title = {"Classical Dynamics of Particles and Systems"},
publisher = {"Cengage Learning"},
year = {2008},
edition = {5},
}

@ARTICLE{GKSubhaloDepletion17,
   author = {{Garrison-Kimmel}, S. and {Wetzel}, A.~R. and {Bullock}, J.~S. and 
	{Hopkins}, P.~F. and {Boylan-Kolchin}, M. and {Faucher-Giguere}, C.-A. and 
	{Keres}, D. and {Quataert}, E. and {Sanderson}, R.~E. and {Graus}, A.~S. and 
	{Kelley}, T.},
    title = "{Not so lumpy after all: modeling the depletion of dark matter subhalos by Milky Way-like galaxies}",
  journal = {ArXiv e-prints},
archivePrefix = "arXiv",
   eprint = {1701.03792},
 keywords = {Astrophysics - Astrophysics of Galaxies},
     year = 2017,
    month = jan,
   adsurl = {http://adsabs.harvard.edu/abs/2017arXiv170103792G},
  adsnote = {Provided by the SAO/NASA Astrophysics Data System}
}


@ARTICLE{SpringelSubhalos08,
   author = {{Springel}, V. and {Wang}, J. and {Vogelsberger}, M. and {Ludlow}, A. and 
	{Jenkins}, A. and {Helmi}, A. and {Navarro}, J.~F. and {Frenk}, C.~S. and 
	{White}, S.~D.~M.},
    title = "{The Aquarius Project: the subhaloes of galactic haloes}",
  journal = {\mnras},
archivePrefix = "arXiv",
   eprint = {0809.0898},
 keywords = {methods: numerical , dark matter},
     year = 2008,
    month = dec,
   volume = 391,
    pages = {1685-1711},
      doi = {10.1111/j.1365-2966.2008.14066.x},
   adsurl = {http://adsabs.harvard.edu/abs/2008MNRAS.391.1685S},
  adsnote = {Provided by the SAO/NASA Astrophysics Data System}
}

@ARTICLE{KatzQuasarZoom,
   author = {{Katz}, N. and {Quinn}, T. and {Bertschinger}, E. and {Gelb}, J.~M.
	},
    title = "{Formation of Quasars at High Redshift}",
  journal = {\mnras},
     year = 1994,
    month = oct,
   volume = 270,
    pages = {L71},
      doi = {10.1093/mnras/270.1.L71},
   adsurl = {http://adsabs.harvard.edu/abs/1994MNRAS.270L..71K},
  adsnote = {Provided by the SAO/NASA Astrophysics Data System}
}

@ARTICLE{NavarroWhiteZoom,
   author = {{Navarro}, J.~F. and {Frenk}, C.~S. and {White}, S.~D.~M.},
    title = "{Accretion of Satellite Galaxies and the Density of the Universe}",
  journal = {\mnras},
     year = 1994,
    month = mar,
   volume = 267,
    pages = {L1},
      doi = {10.1093/mnras/267.1.L1},
   adsurl = {http://adsabs.harvard.edu/abs/1994MNRAS.267L...1N},
  adsnote = {Provided by the SAO/NASA Astrophysics Data System}
}

@ARTICLE{UniverseStarFormation,
   author = {{Madau}, P. and {Dickinson}, M.},
    title = "{Cosmic Star-Formation History}",
  journal = {\araa},
archivePrefix = "arXiv",
   eprint = {1403.0007},
     year = 2014,
    month = aug,
   volume = 52,
    pages = {415-486},
      doi = {10.1146/annurev-astro-081811-125615},
   adsurl = {http://adsabs.harvard.edu/abs/2014ARA%26A..52..415M},
  adsnote = {Provided by the SAO/NASA Astrophysics Data System}
}

@ARTICLE{IllustrisFeedback,
   author = {{Vogelsberger}, M. and {Genel}, S. and {Sijacki}, D. and {Torrey}, P. and 
	{Springel}, V. and {Hernquist}, L.},
    title = "{A model for cosmological simulations of galaxy formation physics}",
  journal = {\mnras},
archivePrefix = "arXiv",
   eprint = {1305.2913},
 keywords = {methods: numerical, cosmology: theory},
     year = 2013,
    month = dec,
   volume = 436,
    pages = {3031-3067},
      doi = {10.1093/mnras/stt1789},
   adsurl = {http://adsabs.harvard.edu/abs/2013MNRAS.436.3031V},
  adsnote = {Provided by the SAO/NASA Astrophysics Data System}
}

@ARTICLE{WetzelFIRE,
   author = {{Wetzel}, A.~R. and {Hopkins}, P.~F. and {Kim}, J.-h. and {Faucher-Gigu{\`e}re}, C.-A. and 
	{Kere{\v s}}, D. and {Quataert}, E.},
    title = "{Reconciling Dwarf Galaxies with {$\Lambda$}CDM Cosmology: Simulating a Realistic Population of Satellites around a Milky Way-mass Galaxy}",
  journal = {\apjl},
archivePrefix = "arXiv",
   eprint = {1602.05957},
 keywords = {cosmology: theory, galaxies: dwarf, galaxies: formation, galaxies: star formation, Local Group, methods: numerical},
     year = 2016,
    month = aug,
   volume = 827,
      eid = {L23},
    pages = {L23},
      doi = {10.3847/2041-8205/827/2/L23},
   adsurl = {http://adsabs.harvard.edu/abs/2016ApJ...827L..23W},
  adsnote = {Provided by the SAO/NASA Astrophysics Data System}
}

@ARTICLE{NewbergRadialWaves,
   author = {{Xu}, Y. and {Newberg}, H.~J. and {Carlin}, J.~L. and {Liu}, C. and 
	{Deng}, L. and {Li}, J. and {Sch{\"o}nrich}, R. and {Yanny}, B.
	},
    title = "{Rings and Radial Waves in the Disk of the Milky Way}",
  journal = {\apj},
archivePrefix = "arXiv",
   eprint = {1503.00257},
 keywords = {Galaxy: disk, Galaxy: kinematics and dynamics, Galaxy: structure},
     year = 2015,
    month = mar,
   volume = 801,
      eid = {105},
    pages = {105},
      doi = {10.1088/0004-637X/801/2/105},
   adsurl = {http://adsabs.harvard.edu/abs/2015ApJ...801..105X},
  adsnote = {Provided by the SAO/NASA Astrophysics Data System}
}

@ARTICLE{WPDGalactICSReference,
   author = {{Widrow}, L.~M. and {Pym}, B. and {Dubinski}, J.},
    title = "{Dynamical Blueprints for Galaxies}",
  journal = {\apj},
archivePrefix = "arXiv",
   eprint = {0801.3414},
 keywords = {dark matter, Galaxy: kinematics and dynamics, methods: N-body simulations, methods: statistical},
     year = 2008,
    month = jun,
   volume = 679,
      eid = {1239-1259},
    pages = {1239-1259},
      doi = {10.1086/587636},
   adsurl = {http://adsabs.harvard.edu/abs/2008ApJ...679.1239W},
  adsnote = {Provided by the SAO/NASA Astrophysics Data System}
}

@ARTICLE{KGGalactICSReference,
   author = {{Kuijken}, K. and {Gilmore}, G.},
    title = "{The mass distribution in the galactic disc. I - A technique to determine the integral surface mass density of the disc near the sun.}",
  journal = {\mnras},
 keywords = {Computational Astrophysics, Density (Mass/Volume), Mass Distribution, Milky Way Galaxy, Sky Surveys (Astronomy), Solar Neighborhood, Disk Galaxies, F Stars, Galactic Mass, Gravitational Fields, K Stars, Southern Sky, Star Distribution},
     year = 1989,
    month = aug,
   volume = 239,
    pages = {571-603},
      doi = {10.1093/mnras/239.2.571},
   adsurl = {http://adsabs.harvard.edu/abs/1989MNRAS.239..571K},
  adsnote = {Provided by the SAO/NASA Astrophysics Data System}
}


@ARTICLE{MiyamotoNagai,
   author = {{Miyamoto}, M. and {Nagai}, R.},
    title = "{Three-dimensional models for the distribution of mass in galaxies}",
  journal = {\pasj},
 keywords = {Astronomical Models, Density Distribution, Galactic Structure, Mass Distribution, Potential Theory, Three Dimensional Models, Functions (Mathematics), Globular Clusters, Gravitational Effects, Mathematical Models, Milky Way Galaxy},
     year = 1975,
   volume = 27,
    pages = {533-543},
   adsurl = {http://adsabs.harvard.edu/abs/1975PASJ...27..533M},
  adsnote = {Provided by the SAO/NASA Astrophysics Data System}
}

@BOOK{BT,
   author = {{Binney}, J. and {Tremaine}, S.},
    title = "{Galactic Dynamics: Second Edition}",
booktitle = {Galactic Dynamics: Second Edition, by James Binney and Scott Tremaine.~ISBN 978-0-691-13026-2 (HB).~Published by Princeton University Press, Princeton, NJ USA, 2008.},
     year = 2008,
publisher = {Princeton University Press},
   adsurl = {http://adsabs.harvard.edu/abs/2008gady.book.....B},
  adsnote = {Provided by the SAO/NASA Astrophysics Data System}
}


@ARTICLE{NFW,
   author = {{Navarro}, J.~F. and {Frenk}, C.~S. and {White}, S.~D.~M.},
    title = "{A Universal Density Profile from Hierarchical Clustering}",
  journal = {\apj},
   eprint = {astro-ph/9611107},
 keywords = {Cosmology: Theory, Cosmology: Dark Matter, Galaxies: Halos, Methods: Numerical},
     year = 1997,
    month = dec,
   volume = 490,
    pages = {493-508},
      doi = {10.1086/304888},
   adsurl = {http://adsabs.harvard.edu/abs/1997ApJ...490..493N},
  adsnote = {Provided by the SAO/NASA Astrophysics Data System}
}

@ARTICLE{kazantzidis2008,
   author = {{Kazantzidis}, S. and {Bullock}, J.~S. and {Zentner}, A.~R. and 
	{Kravtsov}, A.~V. and {Moustakas}, L.~A.},
    title = "{Cold Dark Matter Substructure and Galactic Disks. I. Morphological Signatures of Hierarchical Satellite Accretion}",
  journal = {\apj},
archivePrefix = "arXiv",
   eprint = {0708.1949},
 keywords = {cosmology: theory, dark matter, galaxies: formation, galaxies: kinematics and dynamics, galaxies: structure, methods: numerical},
     year = 2008,
    month = nov,
   volume = 688,
      eid = {254-276},
    pages = {254-276},
      doi = {10.1086/591958},
   adsurl = {http://adsabs.harvard.edu/abs/2008ApJ...688..254K},
  adsnote = {Provided by the SAO/NASA Astrophysics Data System}
}

@ARTICLE{purcell2011,
   author = {{Purcell}, C.~W. and {Bullock}, J.~S. and {Tollerud}, E.~J. and 
	{Rocha}, M. and {Chakrabarti}, S.},
    title = "{The Sagittarius impact as an architect of spirality and outer rings in the Milky Way}",
  journal = {\nat},
archivePrefix = "arXiv",
   eprint = {1109.2918},
 primaryClass = "astro-ph.GA",
     year = 2011,
    month = sep,
   volume = 477,
    pages = {301-303},
      doi = {10.1038/nature10417},
   adsurl = {http://adsabs.harvard.edu/abs/2011Natur.477..301P},
  adsnote = {Provided by the SAO/NASA Astrophysics Data System}
}

% Springel paper about subhalos

@ARTICLE{springel2008,
   author = {{Springel}, V. and {Wang}, J. and {Vogelsberger}, M. and {Ludlow}, A. and 
	{Jenkins}, A. and {Helmi}, A. and {Navarro}, J.~F. and {Frenk}, C.~S. and 
	{White}, S.~D.~M.},
    title = "{The Aquarius Project: the subhaloes of galactic haloes}",
  journal = {\mnras},
archivePrefix = "arXiv",
   eprint = {0809.0898},
 keywords = {methods: numerical , dark matter},
     year = 2008,
    month = dec,
   volume = 391,
    pages = {1685-1711},
      doi = {10.1111/j.1365-2966.2008.14066.x},
   adsurl = {http://adsabs.harvard.edu/abs/2008MNRAS.391.1685S},
  adsnote = {Provided by the SAO/NASA Astrophysics Data System}
}


@ARTICLE{Klypin1999,
   author = {{Klypin}, A. and {Kravtsov}, A.~V. and {Valenzuela}, O. and 
	{Prada}, F.},
    title = "{Where Are the Missing Galactic Satellites?}",
  journal = {\apj},
   eprint = {astro-ph/9901240},
 keywords = {COSMOLOGY: THEORY, GALAXIES: CLUSTERS: GENERAL, GALAXIES: INTERACTIONS, GALAXY: FORMATION, GALAXIES: LOCAL GROUP, METHODS: NUMERICAL, Cosmology: Theory, Galaxies: Clusters: General, Galaxies: Interactions, Galaxy: Formation, Galaxies: Local Group, Methods: Numerical},
     year = 1999,
    month = sep,
   volume = 522,
    pages = {82-92},
      doi = {10.1086/307643},
   adsurl = {http://adsabs.harvard.edu/abs/1999ApJ...522...82K},
  adsnote = {Provided by the SAO/NASA Astrophysics Data System}
}


% Font 2001 says substructure does not heat disk

@ARTICLE{font2001,
   author = {{Font}, A.~S. and {Navarro}, J.~F. and {Stadel}, J. and {Quinn}, T.
	},
    title = "{Halo Substructure and Disk Heating in a {$\Lambda$} Cold Dark Matter Universe}",
  journal = {\apjl},
   eprint = {astro-ph/0106268},
 keywords = {Cosmology: Dark Matter, Galaxies: Evolution, Galaxies: Structure, Methods: n-Body Simulations},
     year = 2001,
    month = dec,
   volume = 563,
    pages = {L1-L4},
      doi = {10.1086/338479},
   adsurl = {http://adsabs.harvard.edu/abs/2001ApJ...563L...1F},
  adsnote = {Provided by the SAO/NASA Astrophysics Data System}
}

% Gauthier + Dubinski + Widrow

@ARTICLE{gauthier2006,
   author = {{Gauthier}, J.-R. and {Dubinski}, J. and {Widrow}, L.~M.},
    title = "{Substructure around M31: Evolution and Effects}",
  journal = {\apj},
   eprint = {astro-ph/0606015},
 keywords = {Cosmology: Miscellaneous, Galaxies: Interactions, Methods: n-Body Simulations},
     year = 2006,
    month = dec,
   volume = 653,
    pages = {1180-1193},
      doi = {10.1086/508860},
   adsurl = {http://adsabs.harvard.edu/abs/2006ApJ...653.1180G},
  adsnote = {Provided by the SAO/NASA Astrophysics Data System}
}

@INPROCEEDINGS{dubinski2008,
   author = {{Dubinski}, J. and {Gauthier}, J.-R. and {Widrow}, L. and {Nickerson}, S.
	},
    title = "{Spiral and Bar Instabilities Provoked by Dark Matter Satellites}",
booktitle = {Formation and Evolution of Galaxy Disks},
     year = 2008,
   series = {Astronomical Society of the Pacific Conference Series},
   volume = 396,
archivePrefix = "arXiv",
   eprint = {0802.3997},
   editor = {{Funes}, J.~G. and {Corsini}, E.~M.},
    month = oct,
    pages = {321},
   adsurl = {http://adsabs.harvard.edu/abs/2008ASPC..396..321D},
  adsnote = {Provided by the SAO/NASA Astrophysics Data System}
}

% GALIC


@MISC{YurinSpringelGalic,
   author = {{Yurin}, D. and {Springel}, V.},
    title = "{GALIC: Galaxy initial conditions construction}",
 keywords = {Software},
howpublished = {Astrophysics Source Code Library},
     year = 2014,
    month = aug,
archivePrefix = "ascl",
   eprint = {1408.008},
   adsurl = {http://adsabs.harvard.edu/abs/2014ascl.soft08008Y},
  adsnote = {Provided by the SAO/NASA Astrophysics Data System}
}


% Gao 2004

@ARTICLE{gao2004,
   author = {{Gao}, L. and {White}, S.~D.~M. and {Jenkins}, A. and {Stoehr}, F. and 
	{Springel}, V.},
    title = "{The subhalo populations of {$\Lambda$}CDM dark haloes}",
  journal = {\mnras},
   eprint = {astro-ph/0404589},
 keywords = {methods: N-body simulations, methods: numerical, galaxies: clusters: general, galaxies: haloes, dark matter},
     year = 2004,
    month = dec,
   volume = 355,
    pages = {819-834},
      doi = {10.1111/j.1365-2966.2004.08360.x},
   adsurl = {http://adsabs.harvard.edu/abs/2004MNRAS.355..819G},
  adsnote = {Provided by the SAO/NASA Astrophysics Data System}
}


@ARTICLE{ibatadiscovery,
   author = {{Ibata}, R.~A. and {Gilmore}, G. and {Irwin}, M.~J.},
    title = "{A dwarf satellite galaxy in Sagittarius}",
  journal = {\nat},
     year = 1994,
    month = jul,
   volume = 370,
    pages = {194-196},
      doi = {10.1038/370194a0},
   adsurl = {http://adsabs.harvard.edu/abs/1994Natur.370..194I},
  adsnote = {Provided by the SAO/NASA Astrophysics Data System}
}

@ARTICLE{streamcount,
   author = {{McConnachie}, A.~W.},
    title = "{The Observed Properties of Dwarf Galaxies in and around the Local Group}",
  journal = {\aj},
archivePrefix = "arXiv",
   eprint = {1204.1562},
 keywords = {catalogs, galaxies: dwarf, galaxies: fundamental parameters, galaxies: general, galaxies: structure, Local Group},
     year = 2012,
    month = jul,
   volume = 144,
      eid = {4},
    pages = {4},
      doi = {10.1088/0004-6256/144/1/4},
   adsurl = {http://adsabs.harvard.edu/abs/2012AJ....144....4M},
  adsnote = {Provided by the SAO/NASA Astrophysics Data System}
}


@ARTICLE{kickedupdisk,
   author = {{Dorman}, C.~E. and {Widrow}, L.~M. and {Guhathakurta}, P. and 
	{Seth}, A.~C. and {Foreman-Mackey}, D. and {Bell}, E.~F. and 
	{Dalcanton}, J.~J. and {Gilbert}, K.~M. and {Skillman}, E.~D. and 
	{Williams}, B.~F.},
    title = "{A New Approach to Detailed Structural Decomposition from the SPLASH and PHAT Surveys: Kicked-up Disk Stars in the Andromeda Galaxy?}",
  journal = {\apj},
archivePrefix = "arXiv",
   eprint = {1310.4179},
 keywords = {galaxies: kinematics and dynamics, galaxies: spiral, galaxies: structure, Local Group },
     year = 2013,
    month = dec,
   volume = 779,
      eid = {103},
    pages = {103},
      doi = {10.1088/0004-637X/779/2/103},
   adsurl = {http://adsabs.harvard.edu/abs/2013ApJ...779..103D},
  adsnote = {Provided by the SAO/NASA Astrophysics Data System}
}

@ARTICLE{mooresubhalos,
   author = {{Moore}, B. and {Ghigna}, S. and {Governato}, F. and {Lake}, G. and 
	{Quinn}, T. and {Stadel}, J. and {Tozzi}, P.},
    title = "{Dark Matter Substructure within Galactic Halos}",
  journal = {\apjl},
   eprint = {astro-ph/9907411},
 keywords = {COSMOLOGY: OBSERVATIONS, COSMOLOGY: THEORY, COSMOLOGY: DARK MATTER, GALAXIES: CLUSTERS: GENERAL, GALAXIES: FORMATION, Cosmology: Observations, Cosmology: Theory, Cosmology: Dark Matter, Galaxies: Clusters: General, Galaxies: Formation},
     year = 1999,
    month = oct,
   volume = 524,
    pages = {L19-L22},
      doi = {10.1086/312287},
   adsurl = {http://adsabs.harvard.edu/abs/1999ApJ...524L..19M},
  adsnote = {Provided by the SAO/NASA Astrophysics Data System}
}

@ARTICLE{Eagle,
   author = {{Schaye}, J. and {Crain}, R.~A. and {Bower}, R.~G. and {Furlong}, M. and 
	{Schaller}, M. and {Theuns}, T. and {Dalla Vecchia}, C. and 
	{Frenk}, C.~S. and {McCarthy}, I.~G. and {Helly}, J.~C. and 
	{Jenkins}, A. and {Rosas-Guevara}, Y.~M. and {White}, S.~D.~M. and 
	{Baes}, M. and {Booth}, C.~M. and {Camps}, P. and {Navarro}, J.~F. and 
	{Qu}, Y. and {Rahmati}, A. and {Sawala}, T. and {Thomas}, P.~A. and 
	{Trayford}, J.},
    title = "{The EAGLE project: simulating the evolution and assembly of galaxies and their environments}",
  journal = {\mnras},
archivePrefix = "arXiv",
   eprint = {1407.7040},
 keywords = {methods: numerical, galaxies: evolution, galaxies: formation, cosmology: theory},
     year = 2015,
    month = jan,
   volume = 446,
    pages = {521-554},
      doi = {10.1093/mnras/stu2058},
   adsurl = {http://adsabs.harvard.edu/abs/2015MNRAS.446..521S},
  adsnote = {Provided by the SAO/NASA Astrophysics Data System}
}


@ARTICLE{TullyFisherModern,
   author = {{Torres-Flores}, S. and {Epinat}, B. and {Amram}, P. and {Plana}, H. and 
	{Mendes de Oliveira}, C.},
    title = "{GHASP: an H{$\alpha$} kinematic survey of spiral and irregular galaxies - IX. The near-infrared, stellar and baryonic Tully-Fisher relations}",
  journal = {\mnras},
archivePrefix = "arXiv",
   eprint = {1106.0505},
 keywords = {galaxies: evolution, galaxies: kinematics and dynamics},
     year = 2011,
    month = sep,
   volume = 416,
    pages = {1936-1948},
      doi = {10.1111/j.1365-2966.2011.19169.x},
   adsurl = {http://adsabs.harvard.edu/abs/2011MNRAS.416.1936T},
  adsnote = {Provided by the SAO/NASA Astrophysics Data System}
}


@ARTICLE{PurcellHeatedDisk,
   author = {{Purcell}, C.~W. and {Bullock}, J.~S. and {Kazantzidis}, S.},
    title = "{Heated disc stars in the stellar halo}",
  journal = {\mnras},
archivePrefix = "arXiv",
   eprint = {0910.5481},
 keywords = {galaxies: evolution, galaxies: formation, cosmology: theory},
     year = 2010,
    month = jun,
   volume = 404,
    pages = {1711-1718},
      doi = {10.1111/j.1365-2966.2010.16429.x},
   adsurl = {http://adsabs.harvard.edu/abs/2010MNRAS.404.1711P},
  adsnote = {Provided by the SAO/NASA Astrophysics Data System}
}

@ARTICLE{McCarthyHeatedDisk,
   author = {{McCarthy}, I.~G. and {Font}, A.~S. and {Crain}, R.~A. and {Deason}, A.~J. and 
	{Schaye}, J. and {Theuns}, T.},
    title = "{Global structure and kinematics of stellar haloes in cosmological hydrodynamic simulations}",
  journal = {\mnras},
archivePrefix = "arXiv",
   eprint = {1111.1747},
 primaryClass = "astro-ph.GA",
 keywords = {Galaxy: evolution, Galaxy: formation, Galaxy: halo, galaxies: evolution, galaxies: formation, galaxies: haloes},
     year = 2012,
    month = mar,
   volume = 420,
    pages = {2245-2262},
      doi = {10.1111/j.1365-2966.2011.20189.x},
   adsurl = {http://adsabs.harvard.edu/abs/2012MNRAS.420.2245M},
  adsnote = {Provided by the SAO/NASA Astrophysics Data System}
}

@ARTICLE{DormanKickedUpDisk,
   author = {{Dorman}, C.~E. and {Widrow}, L.~M. and {Guhathakurta}, P. and 
	{Seth}, A.~C. and {Foreman-Mackey}, D. and {Bell}, E.~F. and 
	{Dalcanton}, J.~J. and {Gilbert}, K.~M. and {Skillman}, E.~D. and 
	{Williams}, B.~F.},
    title = "{A New Approach to Detailed Structural Decomposition from the SPLASH and PHAT Surveys: Kicked-up Disk Stars in the Andromeda Galaxy?}",
  journal = {\apj},
archivePrefix = "arXiv",
   eprint = {1310.4179},
 keywords = {galaxies: kinematics and dynamics, galaxies: spiral, galaxies: structure, Local Group },
     year = 2013,
    month = dec,
   volume = 779,
      eid = {103},
    pages = {103},
      doi = {10.1088/0004-637X/779/2/103},
   adsurl = {http://adsabs.harvard.edu/abs/2013ApJ...779..103D},
  adsnote = {Provided by the SAO/NASA Astrophysics Data System}
}


@ARTICLE{M33Disruption2010,
   author = {{McConnachie}, A.~W. and {Ferguson}, A.~M.~N. and {Irwin}, M.~J. and 
	{Dubinski}, J. and {Widrow}, L.~M. and {Dotter}, A. and {Ibata}, R. and 
	{Lewis}, G.~F.},
    title = "{The Photometric Properties of a Vast Stellar Substructure in the Outskirts of M33}",
  journal = {\apj},
archivePrefix = "arXiv",
   eprint = {1009.2804},
 keywords = {galaxies: halos, galaxies: individual: M33 M31, galaxies: interactions, galaxies: structure, Local Group},
     year = 2010,
    month = nov,
   volume = 723,
    pages = {1038-1052},
      doi = {10.1088/0004-637X/723/2/1038},
   adsurl = {http://adsabs.harvard.edu/abs/2010ApJ...723.1038M},
  adsnote = {Provided by the SAO/NASA Astrophysics Data System}
}

@ARTICLE{M33Disruption2009,
   author = {{McConnachie}, A.~W. and {Irwin}, M.~J. and {Ibata}, R.~A. and 
	{Dubinski}, J. and {Widrow}, L.~M. and {Martin}, N.~F. and {C{\^o}t{\'e}}, P. and 
	{Dotter}, A.~L. and {Navarro}, J.~F. and {Ferguson}, A.~M.~N. and 
	{Puzia}, T.~H. and {Lewis}, G.~F. and {Babul}, A. and {Barmby}, P. and 
	{Bienaym{\'e}}, O. and {Chapman}, S.~C. and {Cockcroft}, R. and 
	{Collins}, M.~L.~M. and {Fardal}, M.~A. and {Harris}, W.~E. and 
	{Huxor}, A. and {Mackey}, A.~D. and {Pe{\~n}arrubia}, J. and 
	{Rich}, R.~M. and {Richer}, H.~B. and {Siebert}, A. and {Tanvir}, N. and 
	{Valls-Gabaud}, D. and {Venn}, K.~A.},
    title = "{The remnants of galaxy formation from a panoramic survey of the region around M31}",
  journal = {\nat},
archivePrefix = "arXiv",
   eprint = {0909.0398},
     year = 2009,
    month = sep,
   volume = 461,
    pages = {66-69},
      doi = {10.1038/nature08327},
   adsurl = {http://adsabs.harvard.edu/abs/2009Natur.461...66M},
  adsnote = {Provided by the SAO/NASA Astrophysics Data System}
}


@ARTICLE{Zemp2012,
   author = {{Zemp}, M. and {Gnedin}, O.~Y. and {Gnedin}, N.~Y. and {Kravtsov}, A.~V.
	},
    title = "{The Impact of Baryon Physics on the Structure of High-redshift Galaxies}",
  journal = {\apj},
archivePrefix = "arXiv",
   eprint = {1108.5384},
 primaryClass = "astro-ph.GA",
 keywords = {cosmology: theory, galaxies: evolution, galaxies: formation, methods: numerical, stars: formation},
     year = 2012,
    month = mar,
   volume = 748,
      eid = {54},
    pages = {54},
      doi = {10.1088/0004-637X/748/1/54},
   adsurl = {http://adsabs.harvard.edu/abs/2012ApJ...748...54Z},
  adsnote = {Provided by the SAO/NASA Astrophysics Data System}
}


@ARTICLE{AverageSFRs,
   author = {{Behroozi}, P.~S. and {Wechsler}, R.~H. and {Conroy}, C.},
    title = "{The Average Star Formation Histories of Galaxies in Dark Matter Halos from z = 0-8}",
  journal = {\apj},
archivePrefix = "arXiv",
   eprint = {1207.6105},
 primaryClass = "astro-ph.CO",
 keywords = {dark matter, galaxies: abundances, galaxies: evolution, methods: numerical},
     year = 2013,
    month = jun,
   volume = 770,
      eid = {57},
    pages = {57},
      doi = {10.1088/0004-637X/770/1/57},
   adsurl = {http://adsabs.harvard.edu/abs/2013ApJ...770...57B},
  adsnote = {Provided by the SAO/NASA Astrophysics Data System}
}



@ARTICLE{BaryonicInfall,
   author = {{Blumenthal}, G.~R. and {Faber}, S.~M. and {Flores}, R. and 
	{Primack}, J.~R.},
    title = "{Contraction of dark matter galactic halos due to baryonic infall}",
  journal = {\apj},
 keywords = {Baryons, Galactic Evolution, Galactic Rotation, Galactic Structure, Gravitational Collapse, Missing Mass (Astrophysics), Astronomical Models, Halos, Interstellar Matter, Many Body Problem, Mass Distribution, Spiral Galaxies},
     year = 1986,
    month = feb,
   volume = 301,
    pages = {27-34},
      doi = {10.1086/163867},
   adsurl = {http://adsabs.harvard.edu/abs/1986ApJ...301...27B},
  adsnote = {Provided by the SAO/NASA Astrophysics Data System}
}

@ARTICLE{dubinski1994_ApJ431_617,
   author = {{Dubinski}, J.},
    title = "{The effect of dissipation on the shapes of dark halos}",
  journal = {\apj},
   eprint = {astro-ph/9309001},
 keywords = {Dark Matter, Dissipation, Elliptical Galaxies, Galactic Evolution, Galactic Halos, Galactic Mass, Galactic Structure, Luminosity, Computerized Simulation, Cosmology, Galactic Rotation, Hydrodynamics, Kinematics, Many Body Problem, Mass Distribution},
     year = 1994,
    month = aug,
   volume = 431,
    pages = {617-624},
      doi = {10.1086/174512},
   adsurl = {http://adsabs.harvard.edu/abs/1994ApJ...431..617D},
  adsnote = {Provided by the SAO/NASA Astrophysics Data System}
}

@ARTICLE{sackett1997,
   author = {{Sackett}, P.~D.},
    title = "{Does the Milky Way Have a Maximal Disk?}",
  journal = {\apj},
   eprint = {astro-ph/9608164},
 keywords = {Cosmology: Dark Matter, Galaxies: Kinematics and Dynamics, Galaxy: Kinematics and Dynamics, Galaxy: Structure},
     year = 1997,
    month = jul,
   volume = 483,
    pages = {103-110},
      doi = {10.1086/304223},
   adsurl = {http://adsabs.harvard.edu/abs/1997ApJ...483..103S},
  adsnote = {Provided by the SAO/NASA Astrophysics Data System}
}


%    editor = {{Oswalt}, T.~D. and {Gilmore}, G.},
@INBOOK{Sellwood2013,
   author = {{Sellwood}, J.~A.},
    title = "{Dynamics of Disks and Warps}",
 keywords = {Physics},
booktitle = {Planets, Stars and Stellar Systems.~Volume 5: Galactic Structure and Stellar Populations},
     year = 2013,
 publisher= "{Springer}",
    pages = {923},
      doi = {10.1007/978-94-007-5612-0_18},
   adsurl = {http://adsabs.harvard.edu/abs/2013pss5.book..923S},
  adsnote = {Provided by the SAO/NASA Astrophysics Data System}
}

@ARTICLE{DOhngia2016,
   author = {{D'Onghia}, E. and {Madau}, P. and {Vera-Ciro}, C. and {Quillen}, A. and 
	{Hernquist}, L.},
    title = "{Excitation of Coupled Stellar Motions in the Galactic Disk by Orbiting Satellites}",
  journal = {\apj},
archivePrefix = "arXiv",
   eprint = {1511.01503},
 keywords = {galaxies: kinematics and dynamics, Galaxy: disk, Galaxy: evolution, stars: kinematics and dynamics},
     year = 2016,
    month = may,
   volume = 823,
      eid = {4},
    pages = {4},
      doi = {10.3847/0004-637X/823/1/4},
   adsurl = {http://adsabs.harvard.edu/abs/2016ApJ...823....4D},
  adsnote = {Provided by the SAO/NASA Astrophysics Data System}
}

@ARTICLE{Sawala2017,
   author = {{Sawala}, T. and {Pihajoki}, P. and {Johansson}, P.~H. and {Frenk}, C.~S. and 
	{Navarro}, J.~F. and {Oman}, K.~A. and {White}, S.~D.~M.},
    title = "{Shaken and stirred: the Milky Way's dark substructures}",
  journal = {\mnras},
archivePrefix = "arXiv",
   eprint = {1609.01718},
 keywords = {Local Group, cosmology: theory, dark matter},
     year = 2017,
    month = jun,
   volume = 467,
    pages = {4383-4400},
      doi = {10.1093/mnras/stx360},
   adsurl = {http://adsabs.harvard.edu/abs/2017MNRAS.467.4383S},
  adsnote = {Provided by the SAO/NASA Astrophysics Data System}
}


@ARTICLE{roskar2012,
   author = {{Ro{\v s}kar}, R. and {Debattista}, V.~P. and {Quinn}, T.~R. and 
	{Wadsley}, J.},
    title = "{Radial migration in disc galaxies - I. Transient spiral structure and dynamics}",
  journal = {\mnras},
archivePrefix = "arXiv",
   eprint = {1110.4413},
 primaryClass = "astro-ph.GA",
 keywords = {galaxies: evolution, galaxies: formation, galaxies: kinematics and dynamics, galaxies: spiral, galaxies: structure},
     year = 2012,
    month = nov,
   volume = 426,
    pages = {2089-2106},
      doi = {10.1111/j.1365-2966.2012.21860.x},
   adsurl = {http://adsabs.harvard.edu/abs/2012MNRAS.426.2089R},
  adsnote = {Provided by the SAO/NASA Astrophysics Data System}
}


@ARTICLE{newberg2002,
   author = {{Newberg}, H.~J. and {Yanny}, B. and {Rockosi}, C. and {Grebel}, E.~K. and 
	{Rix}, H.-W. and {Brinkmann}, J. and {Csabai}, I. and {Hennessy}, G. and 
	{Hindsley}, R.~B. and {Ibata}, R. and {Ivezi{\'c}}, Z. and {Lamb}, D. and 
	{Nash}, E.~T. and {Odenkirchen}, M. and {Rave}, H.~A. and {Schneider}, D.~P. and 
	{Smith}, J.~A. and {Stolte}, A. and {York}, D.~G.},
    title = "{The Ghost of Sagittarius and Lumps in the Halo of the Milky Way}",
  journal = {\apj},
   eprint = {astro-ph/0111095},
 keywords = {Galaxy: Halo, Galaxy: Structure},
     year = 2002,
    month = apr,
   volume = 569,
    pages = {245-274},
      doi = {10.1086/338983},
   adsurl = {http://adsabs.harvard.edu/abs/2002ApJ...569..245N},
  adsnote = {Provided by the SAO/NASA Astrophysics Data System}
}


@ARTICLE{yanny2003,
   author = {{Yanny}, B. and {Newberg}, H.~J. and {Grebel}, E.~K. and {Kent}, S. and 
	{Odenkirchen}, M. and {Rockosi}, C.~M. and {Schlegel}, D. and 
	{Subbarao}, M. and {Brinkmann}, J. and {Fukugita}, M. and {Ivezic}, {\v Z}. and 
	{Lamb}, D.~Q. and {Schneider}, D.~P. and {York}, D.~G.},
    title = "{A Low-Latitude Halo Stream around the Milky Way}",
  journal = {\apj},
   eprint = {astro-ph/0301029},
 keywords = {Galaxy: Halo, Galaxy: Structure},
     year = 2003,
    month = may,
   volume = 588,
    pages = {824-841},
      doi = {10.1086/374220},
   adsurl = {http://adsabs.harvard.edu/abs/2003ApJ...588..824Y},
  adsnote = {Provided by the SAO/NASA Astrophysics Data System}
}


@ARTICLE{monoceros2005,
   author = {{Pe{\~n}arrubia}, J. and {Mart{\'{\i}}nez-Delgado}, D. and {Rix}, H.~W. and 
	{G{\'o}mez-Flechoso}, M.~A. and {Munn}, J. and {Newberg}, H. and 
	{Bell}, E.~F. and {Yanny}, B. and {Zucker}, D. and {Grebel}, E.~K.
	},
    title = "{A Comprehensive Model for the Monoceros Tidal Stream}",
  journal = {\apj},
   eprint = {astro-ph/0410448},
 keywords = {Galaxies: Evolution, Galaxies: Formation, Galaxies: Halos, Galaxies: Structure},
     year = 2005,
    month = jun,
   volume = 626,
    pages = {128-144},
      doi = {10.1086/429903},
   adsurl = {http://adsabs.harvard.edu/abs/2005ApJ...626..128P},
  adsnote = {Provided by the SAO/NASA Astrophysics Data System}
}


@ARTICLE{BerentzenShlosmanStellarDisks,
   author = {{Berentzen}, I. and {Shlosman}, I.},
    title = "{Growing Live Disks within Cosmologically Assembling Asymmetric Halos: Washing Out the Halo Prolateness}",
  journal = {\apj},
   eprint = {astro-ph/0603487},
 keywords = {Cosmology: Dark Matter, Galaxies: Evolution, Galaxies: Formation, Galaxies: Halos, Galaxies: Kinematics and Dynamics, Galaxies: Structure},
     year = 2006,
    month = sep,
   volume = 648,
    pages = {807-819},
      doi = {10.1086/506016},
   adsurl = {http://adsabs.harvard.edu/abs/2006ApJ...648..807B},
  adsnote = {Provided by the SAO/NASA Astrophysics Data System}
}


@ARTICLE{AumerBinneyGalICComments,
   author = {{Aumer}, M. and {Binney}, J. and {Sch{\"o}nrich}, R.},
    title = "{The quiescent phase of galactic disc growth}",
  journal = {\mnras},
archivePrefix = "arXiv",
   eprint = {1604.00191},
 keywords = {methods: numerical, Galaxy: disc, Galaxy: kinematics and dynamics, Galaxy: structure, galaxies: evolution, galaxies: spiral},
     year = 2016,
    month = jul,
   volume = 459,
    pages = {3326-3348},
      doi = {10.1093/mnras/stw777},
   adsurl = {http://adsabs.harvard.edu/abs/2016MNRAS.459.3326A},
  adsnote = {Provided by the SAO/NASA Astrophysics Data System}
}
