@ARTICLE{yanny2000,
   author = {{Yanny}, B. and {Newberg}, H.~J. and {Kent}, S. and {Laurent-Muehleisen}, S.~A. and {Pier}, J.~R. and {Richards}, G.~T. and {Stoughton}, C. and 
{Anderson}, Jr., J.~E. and {Annis}, J. and {Brinkmann}, J. and 
{Chen}, B. and {Csabai}, I. and {Doi}, M. and {Fukugita}, M. and 
{Hennessy}, G.~S. and {Ivezi{\'c}}, {\v Z}. and {Knapp}, G.~R. and 
{Lupton}, R. and {Munn}, J.~A. and {Nash}, T. and {Rockosi}, C.~M. and 
{Schneider}, D.~P. and {Smith}, J.~A. and {York}, D.~G.},
    title = "{Identification of A-colored Stars and Structure in the Halo of the Milky Way from Sloan Digital Sky Survey Commissioning Data}",
  journal = {\apj},
   eprint = {astro-ph/0004128},
 keywords = {Stars: Blue Stragglers, Galaxy: Halo, Galaxy: Structure, Stars: Early-Type, Stars: Horizontal-Branch},
     year = 2000,
    month = sep,
   volume = 540,
    pages = {825-841},
      doi = {10.1086/309386},
   adsurl = {http://adsabs.harvard.edu/abs/2000ApJ...540..825Y},
  adsnote = {Provided by the SAO/NASA Astrophysics Data System}
}


@ARTICLE{rochapinto2003,
   author = {{Rocha-Pinto}, H.~J. and {Majewski}, S.~R. and {Skrutskie}, M.~F. and 
	{Crane}, J.~D.},
    title = "{Tracing the Galactic Anticenter Stellar Stream with 2MASS M Giants}",
  journal = {\apjl},
 keywords = {Galaxies: Interactions, Galaxy: Disk, Galaxy: Structure},
     year = 2003,
    month = sep,
   volume = 594,
    pages = {L115-L118},
      doi = {10.1086/378668},
   adsurl = {http://adsabs.harvard.edu/abs/2003ApJ...594L.115R},
  adsnote = {Provided by the SAO/NASA Astrophysics Data System}
}

@ARTICLE{martin2014,
   author = {{Martin}, N.~F. and {Ibata}, R.~A. and {Rich}, R.~M. and {Collins}, M.~L.~M. and 
	{Fardal}, M.~A. and {Irwin}, M.~J. and {Lewis}, G.~F. and {McConnachie}, A.~W. and 
	{Babul}, A. and {Bate}, N.~F. and {Chapman}, S.~C. and {Conn}, A.~R. and 
	{Crnojevi{\'c}}, D. and {Ferguson}, A.~M.~N. and {Mackey}, A.~D. and 
	{Navarro}, J.~F. and {Pe{\~n}arrubia}, J. and {Tanvir}, N.~T. and 
	{Valls-Gabaud}, D.},
    title = "{The PAndAS Field of Streams: Stellar Structures in the Milky Way Halo toward Andromeda and Triangulum}",
  journal = {\apj},
archivePrefix = "arXiv",
   eprint = {1403.4945},
 keywords = {Galaxy: halo, Galaxy: structure, Local Group},
     year = 2014,
    month = may,
   volume = 787,
      eid = {19},
    pages = {19},
      doi = {10.1088/0004-637X/787/1/19},
   adsurl = {http://adsabs.harvard.edu/abs/2014ApJ...787...19M},
  adsnote = {Provided by the SAO/NASA Astrophysics Data System}
}



@ARTICLE{purcell2010,
   author = {{Purcell}, C.~W. and {Bullock}, J.~S. and {Kazantzidis}, S.},
    title = "{Heated disc stars in the stellar halo}",
  journal = {\mnras},
archivePrefix = "arXiv",
   eprint = {0910.5481},
 keywords = {galaxies: evolution, galaxies: formation, cosmology: theory},
     year = 2010,
    month = jun,
   volume = 404,
    pages = {1711-1718},
      doi = {10.1111/j.1365-2966.2010.16429.x},
   adsurl = {http://adsabs.harvard.edu/abs/2010MNRAS.404.1711P},
  adsnote = {Provided by the SAO/NASA Astrophysics Data System}
}

@ARTICLE{tissera2013,
   author = {{Tissera}, P.~B. and {Scannapieco}, C. and {Beers}, T.~C. and {Carollo}, D.},
   title = "{Stellar haloes of simulated Milky-Way-like galaxies: chemical and kinematic properties}",
  journal = {\mnras},
archivePrefix = "arXiv",
   eprint = {1301.1301},
 keywords = {Galaxy: structure, galaxies: evolution, galaxies: formation, cosmology: theory},
     year = 2013,
    month = jul,
   volume = 432,
    pages = {3391-3400},
      doi = {10.1093/mnras/stt691},
   adsurl = {http://adsabs.harvard.edu/abs/2013MNRAS.432.3391T},
  adsnote = {Provided by the SAO/NASA Astrophysics Data System}
}


@ARTICLE{sheffield2018,
   author = {{Sheffield}, A.~A. and {Price-Whelan}, A.~M. and {Tzanidakis}, A. and {Johnston}, K.~V. and {Laporte}, C.~F.~P. and {Sesar}, B.},
   title = "{A Disk Origin for the Monoceros Ring and A13 Stellar Overdensities}",
  journal = {\apj},
archivePrefix = "arXiv",
   eprint = {1801.01171},
 keywords = {galaxies: interactions, Galaxy: disk, Galaxy: formation, Galaxy: halo, Galaxy: structure},
     year = 2018,
    month = feb,
   volume = 854,
      eid = {47},
    pages = {47},
      doi = {10.3847/1538-4357/aaa4b6},
   adsurl = {http://adsabs.harvard.edu/abs/2018ApJ...854...47S},
  adsnote = {Provided by the SAO/NASA Astrophysics Data System}
}


@ARTICLE{pricewhelan2015,
   author = {{Price-Whelan}, A.~M. and {Johnston}, K.~V. and {Sheffield}, A.~A. and {Laporte}, C.~F.~P. and {Sesar}, B.},
    title = "{A reinterpretation of the Triangulum-Andromeda stellar clouds: a population of halo stars kicked out of the Galactic disc}",
  journal = {\mnras},
archivePrefix = "arXiv",
   eprint = {1503.08780},
 keywords = {techniques: spectroscopic, stars: variables: RR Lyrae, Galaxy: disc, Galaxy: halo, Galaxy: stellar content, Galaxy: structure},
     year = 2015,
    month = sep,
   volume = 452,
    pages = {676-685},
      doi = {10.1093/mnras/stv1324},
   adsurl = {http://adsabs.harvard.edu/abs/2015MNRAS.452..676P},
  adsnote = {Provided by the SAO/NASA Astrophysics Data System}
}


@ARTICLE{mccarthy2012,
   author = {{McCarthy}, I.~G. and {Font}, A.~S. and {Crain}, R.~A. and {Deason}, A.~J. and {Schaye}, J. and {Theuns}, T.},
    title = "{Global structure and kinematics of stellar haloes in cosmological hydrodynamic simulations}",
  journal = {\mnras},
archivePrefix = "arXiv",
   eprint = {1111.1747},
 primaryClass = "astro-ph.GA",
 keywords = {Galaxy: evolution, Galaxy: formation, Galaxy: halo, galaxies: evolution, galaxies: formation, galaxies: haloes},
     year = 2012,
    month = mar,
   volume = 420,
    pages = {2245-2262},
      doi = {10.1111/j.1365-2966.2011.20189.x},
   adsurl = {http://adsabs.harvard.edu/abs/2012MNRAS.420.2245M},
  adsnote = {Provided by the SAO/NASA Astrophysics Data System}
}


@ARTICLE{debattista2000,
   author = {{Debattista}, V.~P. and {Sellwood}, J.~A.},
    title = "{Constraints from Dynamical Friction on the Dark Matter Content of Barred Galaxies}",
  journal = {\apj},
   eprint = {astro-ph/0006275},
 keywords = {Galaxies: Evolution, Galaxies: Halos, Galaxies: Kinematics and Dynamics, Galaxy: Halo, Galaxy: Structure},
     year = 2000,
    month = nov,
   volume = 543,
    pages = {704-721},
      doi = {10.1086/317148},
   adsurl = {http://adsabs.harvard.edu/abs/2000ApJ...543..704D},
  adsnote = {Provided by the SAO/NASA Astrophysics Data System}
}

@ARTICLE{debattista1998,
   author = {{Debattista}, V.~P. and {Sellwood}, J.~A.},
    title = "{Dynamical Friction and the Distribution of Dark Matter in Barred Galaxies}",
  journal = {\apjl},
   eprint = {astro-ph/9710039},
 keywords = {GALAXIES: EVOLUTION, GALAXIES: HALOS, GALAXIES: KINEMATICS AND DYNAMICS, GALAXY: HALO, GALAXY: STRUCTURE, Galaxies: Evolution, Galaxies: Halos, Galaxies: Kinematics and Dynamics, Galaxy: Halo, Galaxy: Structure},
     year = 1998,
    month = jan,
   volume = 493,
    pages = {L5-L8},
      doi = {10.1086/311118},
   adsurl = {http://adsabs.harvard.edu/abs/1998ApJ...493L...5D},
  adsnote = {Provided by the SAO/NASA Astrophysics Data System}
}

@ARTICLE{sharma2010,
   author = {{Sharma}, S. and {Johnston}, K.~V. and {Majewski}, S.~R. and 
	{Mu{\~n}oz}, R.~R. and {Carlberg}, J.~K. and {Bullock}, J.},
    title = "{Group Finding in the Stellar Halo Using M-giants in the Two Micron All Sky Survey: An Extended View of the Pisces Overdensity?}",
  journal = {\apj},
archivePrefix = "arXiv",
   eprint = {1009.0924},
 keywords = {galaxies: halos, galaxies: structure, methods: data analysis, methods: numerical},
     year = 2010,
    month = oct,
   volume = 722,
    pages = {750-759},
      doi = {10.1088/0004-637X/722/1/750},
   adsurl = {http://adsabs.harvard.edu/abs/2010ApJ...722..750S},
  adsnote = {Provided by the SAO/NASA Astrophysics Data System}
}


@ARTICLE{newberg_2002,
   author = {{Newberg}, H.~J. and {Yanny}, B. and {Rockosi}, C. and {Grebel}, E.~K. and 
	{Rix}, H.-W. and {Brinkmann}, J. and {Csabai}, I. and {Hennessy}, G. and 
	{Hindsley}, R.~B. and {Ibata}, R. and {Ivezi{\'c}}, Z. and {Lamb}, D. and 
	{Nash}, E.~T. and {Odenkirchen}, M. and {Rave}, H.~A. and {Schneider}, D.~P. and 
	{Smith}, J.~A. and {Stolte}, A. and {York}, D.~G.},
    title = "{The Ghost of Sagittarius and Lumps in the Halo of the Milky Way}",
  journal = {\apj},
   eprint = {astro-ph/0111095},
 keywords = {Galaxy: Halo, Galaxy: Structure},
     year = 2002,
    month = apr,
   volume = 569,
    pages = {245-274},
      doi = {10.1086/338983},
   adsurl = {http://adsabs.harvard.edu/abs/2002ApJ...569..245N},
  adsnote = {Provided by the SAO/NASA Astrophysics Data System}
}

@ARTICLE{ibata_ring,
   author = {{Ibata}, R.~A. and {Irwin}, M.~J. and {Lewis}, G.~F. and {Ferguson}, A.~M.~N. and 
	{Tanvir}, N.},
    title = "{One ring to encompass them all: a giant stellar structure that surrounds the Galaxy}",
  journal = {\mnras},
   eprint = {astro-ph/0301067},
 keywords = {Galaxy: disc, Galaxy: structure, galaxies: interactions},
     year = 2003,
    month = apr,
   volume = 340,
    pages = {L21-L27},
      doi = {10.1046/j.1365-8711.2003.06545.x},
   adsurl = {http://adsabs.harvard.edu/abs/2003MNRAS.340L..21I},
  adsnote = {Provided by the SAO/NASA Astrophysics Data System}
}

@ARTICLE{acs_dynamics,
   author = {{de Boer}, T.~J.~L. and {Belokurov}, V. and {Koposov}, S.~E.
	},
    title = "{The fall of the Northern Unicorn: tangential motions in the Galactic anticentre with SDSS and Gaia}",
  journal = {\mnras},
archivePrefix = "arXiv",
   eprint = {1706.09468},
 keywords = {Stars: C-M diagrams, stars: kinematics and dynamics, Galaxy: kinematics and dynamics, Galaxy: structure},
     year = 2018,
    month = jan,
   volume = 473,
    pages = {647-662},
      doi = {10.1093/mnras/stx2391},
   adsurl = {http://adsabs.harvard.edu/abs/2018MNRAS.473..647D},
  adsnote = {Provided by the SAO/NASA Astrophysics Data System}
}


@ARTICLE{hartmann2014,
   author = {{Hartmann}, M. and {Debattista}, V.~P. and {Cole}, D.~R. and 
{Valluri}, M. and {Widrow}, L.~M. and {Shen}, J.},
    title = "{The effect of bars on the M$_{•}$-{$\sigma$}$_{e}$ relation: offset, scatter and residuals correlations}",
  journal = {\mnras},
archivePrefix = "arXiv",
   eprint = {1309.2634},
 keywords = {black hole physics, galaxies: bulges, galaxies: evolution, galaxies: kinematics and dynamics, galaxies: nuclei, galaxies: structure},
     year = 2014,
    month = jun,
   volume = 441,
    pages = {1243-1259},
      doi = {10.1093/mnras/stu627},
   adsurl = {http://adsabs.harvard.edu/abs/2014MNRAS.441.1243H},
  adsnote = {Provided by the SAO/NASA Astrophysics Data System}
}

@ARTICLE{read2014,
   author = {{Read}, J.~I.},
    title = "{The local dark matter density}",
  journal = {Journal of Physics G Nuclear Physics},
archivePrefix = "arXiv",
   eprint = {1404.1938},
     year = 2014,
    month = jun,
   volume = 41,
   number = 6,
      eid = {063101},
    pages = {063101},
      doi = {10.1088/0954-3899/41/6/063101},
   adsurl = {http://adsabs.harvard.edu/abs/2014JPhG...41f3101R},
  adsnote = {Provided by the SAO/NASA Astrophysics Data System}
}

@ARTICLE{camm1950,
   author = {{Camm}, G.~L.},
    title = "{Self-gravitating star systems}",
  journal = {\mnras},
     year = 1950,
   volume = 110,
    pages = {305},
      doi = {10.1093/mnras/110.4.305},
   adsurl = {http://adsabs.harvard.edu/abs/1950MNRAS.110..305C},
  adsnote = {Provided by the SAO/NASA Astrophysics Data System}
}

@ARTICLE{dbs2009,
   author = {{Dubinski}, J. and {Berentzen}, I. and {Shlosman}, I.},
    title = "{Anatomy of the Bar Instability in Cuspy Dark Matter Halos}",
  journal = {\apj},
archivePrefix = "arXiv",
   eprint = {0810.4925},
 keywords = {dark matter, galaxies: evolution, galaxies: kinematics and dynamics, galaxies: structure, methods: N-body simulations},
     year = 2009,
    month = may,
   volume = 697,
    pages = {293-310},
      doi = {10.1088/0004-637X/697/1/293},
   adsurl = {http://adsabs.harvard.edu/abs/2009ApJ...697..293D},
  adsnote = {Provided by the SAO/NASA Astrophysics Data System}
}


@ARTICLE{simmons2014,
   author = {{Simmons}, B.~D. and {Melvin}, T. and {Lintott}, C. and {Masters}, K.~L. and 
	{Willett}, K.~W. and {Keel}, W.~C. and {Smethurst}, R.~J. and 
	{Cheung}, E. and {Nichol}, R.~C. and {Schawinski}, K. and {Rutkowski}, M. and 
	{Kartaltepe}, J.~S. and {Bell}, E.~F. and {Casteels}, K.~R.~V. and 
	{Conselice}, C.~J. and {Almaini}, O. and {Ferguson}, H.~C. and 
	{Fortson}, L. and {Hartley}, W. and {Kocevski}, D. and {Koekemoer}, A.~M. and 
	{McIntosh}, D.~H. and {Mortlock}, A. and {Newman}, J.~A. and 
	{Ownsworth}, J. and {Bamford}, S. and {Dahlen}, T. and {Faber}, S.~M. and 
	{Finkelstein}, S.~L. and {Fontana}, A. and {Galametz}, A. and 
	{Grogin}, N.~A. and {Gr{\"u}tzbauch}, R. and {Guo}, Y. and {H{\"a}u{\ss}ler}, B. and 
	{Jek}, K.~J. and {Kaviraj}, S. and {Lucas}, R.~A. and {Peth}, M. and 
	{Salvato}, M. and {Wiklind}, T. and {Wuyts}, S.},
    title = "{Galaxy Zoo: CANDELS barred discs and bar fractions}",
  journal = {\mnras},
archivePrefix = "arXiv",
   eprint = {1409.1214},
 keywords = {galaxies: evolution, galaxies: general, galaxies: spiral, galaxies: structure},
     year = 2014,
    month = dec,
   volume = 445,
    pages = {3466-3474},
      doi = {10.1093/mnras/stu1817},
   adsurl = {http://adsabs.harvard.edu/abs/2014MNRAS.445.3466S},
  adsnote = {Provided by the SAO/NASA Astrophysics Data System}
}

@ARTICLE{van_dokkum_etal_2013,
   author = {{van Dokkum}, P.~G. and {Leja}, J. and {Nelson}, E.~J. and {Patel}, S. and 
	{Skelton}, R.~E. and {Momcheva}, I. and {Brammer}, G. and {Whitaker}, K.~E. and 
	{Lundgren}, B. and {Fumagalli}, M. and {Conroy}, C. and {F{\"o}rster Schreiber}, N. and 
	{Franx}, M. and {Kriek}, M. and {Labb{\'e}}, I. and {Marchesini}, D. and 
	{Rix}, H.-W. and {van der Wel}, A. and {Wuyts}, S.},
    title = "{The Assembly of Milky-Way-like Galaxies Since z \~{} 2.5}",
  journal = {\apjl},
archivePrefix = "arXiv",
   eprint = {1304.2391},
 keywords = {cosmology: observations, galaxies: evolution, Galaxy: formation, Galaxy: structure },
     year = 2013,
    month = jul,
   volume = 771,
      eid = {L35},
    pages = {L35},
      doi = {10.1088/2041-8205/771/2/L35},
   adsurl = {http://adsabs.harvard.edu/abs/2013ApJ...771L..35V},
  adsnote = {Provided by the SAO/NASA Astrophysics Data System}
}



@ARTICLE{laporte_et_al_2016,
   author = {{Laporte}, C.~F.~P. and {G{\'o}mez}, F.~A. and {Besla}, G. and 
	{Johnston}, K.~V. and {Garavito-Camargo}, N.},
    title = "{Response of the Milky Way's disc to the Large Magellanic Cloud in a first infall scenario}",
  journal = {ArXiv e-prints},
archivePrefix = "arXiv",
   eprint = {1608.04743},
 keywords = {Astrophysics - Astrophysics of Galaxies},
     year = 2016,
    month = aug,
   adsurl = {http://adsabs.harvard.edu/abs/2016arXiv160804743L},
  adsnote = {Provided by the SAO/NASA Astrophysics Data System}
}

@ARTICLE{hu_sijacki_2016,
   author = {{Hu}, S. and {Sijacki}, D.},
    title = "{Stellar spiral structures in triaxial dark matter haloes}",
  journal = {\mnras},
archivePrefix = "arXiv",
   eprint = {1507.01643},
 keywords = {methods: numerical, galaxies: haloes, galaxies: spiral},
     year = 2016,
    month = sep,
   volume = 461,
    pages = {2789-2808},
      doi = {10.1093/mnras/stw1463},
   adsurl = {http://adsabs.harvard.edu/abs/2016MNRAS.461.2789H},
  adsnote = {Provided by the SAO/NASA Astrophysics Data System}
}


@ARTICLE{onorbe_etal_2014,
   author = {{O{\~n}orbe}, J. and {Garrison-Kimmel}, S. and {Maller}, A.~H. and 
	{Bullock}, J.~S. and {Rocha}, M. and {Hahn}, O.},
    title = "{How to zoom: bias, contamination and Lagrange volumes in multimass cosmological simulations}",
  journal = {\mnras},
archivePrefix = "arXiv",
   eprint = {1305.6923},
 keywords = {methods: numerical, galaxies: formation, galaxies: haloes, cosmology: theory},
     year = 2014,
    month = jan,
   volume = 437,
    pages = {1894-1908},
      doi = {10.1093/mnras/stt2020},
   adsurl = {http://adsabs.harvard.edu/abs/2014MNRAS.437.1894O},
  adsnote = {Provided by the SAO/NASA Astrophysics Data System}
}



@ARTICLE{springel_2005,
   author = {{Springel}, V.},
    title = "{The cosmological simulation code GADGET-2}",
  journal = {\mnras},
   eprint = {astro-ph/0505010},
 keywords = {methods: numerical, galaxies: interactions, dark matter},
     year = 2005,
    month = dec,
   volume = 364,
    pages = {1105-1134},
      doi = {10.1111/j.1365-2966.2005.09655.x},
   adsurl = {http://adsabs.harvard.edu/abs/2005MNRAS.364.1105S},
  adsnote = {Provided by the SAO/NASA Astrophysics Data System}
}



@ARTICLE{pakmorMHD,
   author = {{Pakmor}, R. and {Springel}, V.},
    title = "{Simulations of magnetic fields in isolated disc galaxies}",
  journal = {\mnras},
archivePrefix = "arXiv",
   eprint = {1212.1452},
 primaryClass = "astro-ph.CO",
 keywords = {MHD, methods: numerical, galaxies: formation},
     year = 2013,
    month = jun,
   volume = 432,
    pages = {176-193},
      doi = {10.1093/mnras/stt428},
   adsurl = {http://adsabs.harvard.edu/abs/2013MNRAS.432..176P},
  adsnote = {Provided by the SAO/NASA Astrophysics Data System}
}

@ARTICLE{gomezwarps,
   author = {{G{\'o}mez}, F.~A. and {White}, S.~D.~M. and {Grand}, R.~J.~J. and 
	{Marinacci}, F. and {Springel}, V. and {Pakmor}, R.},
    title = "{Warps and waves in fully cosmological models of galactic discs}",
  journal = {ArXiv e-prints},
archivePrefix = "arXiv",
   eprint = {1606.06295},
 keywords = {Astrophysics - Astrophysics of Galaxies},
     year = 2016,
    month = jun,
   adsurl = {http://adsabs.harvard.edu/abs/2016arXiv160606295G},
  adsnote = {Provided by the SAO/NASA Astrophysics Data System}
}

@ARTICLE{BerentzenShlosmanStellarDisks,
   author = {{Berentzen}, I. and {Shlosman}, I.},
    title = "{Growing Live Disks within Cosmologically Assembling Asymmetric Halos: Washing Out the Halo Prolateness}",
  journal = {\apj},
   eprint = {astro-ph/0603487},
 keywords = {Cosmology: Dark Matter, Galaxies: Evolution, Galaxies: Formation, Galaxies: Halos, Galaxies: Kinematics and Dynamics, Galaxies: Structure},
     year = 2006,
    month = sep,
   volume = 648,
    pages = {807-819},
      doi = {10.1086/506016},
   adsurl = {http://adsabs.harvard.edu/abs/2006ApJ...648..807B},
  adsnote = {Provided by the SAO/NASA Astrophysics Data System}
}

@ARTICLE{katz1996feedback,
   author = {{Katz}, N. and {Weinberg}, D.~H. and {Hernquist}, L.},
    title = "{Cosmological Simulations with TreeSPH}",
  journal = {\apjs},
   eprint = {astro-ph/9509107},
 keywords = {METHODS: NUMERICAL, HYDRODYNAMICS, GALAXIES: FORMATION, COSMOLOGY: LARGE-SCALE STRUCTURE OF UNIVERSE, COSMOLOGY: THEORY, COSMOLOGY: DARK MATTER},
     year = 1996,
    month = jul,
   volume = 105,
    pages = {19},
      doi = {10.1086/192305},
   adsurl = {http://adsabs.harvard.edu/abs/1996ApJS..105...19K},
  adsnote = {Provided by the SAO/NASA Astrophysics Data System}
}


@ARTICLE{springel2003feedback,
   author = {{Springel}, V. and {Hernquist}, L.},
    title = "{Cosmological smoothed particle hydrodynamics simulations: a hybrid multiphase model for star formation}",
  journal = {\mnras},
   eprint = {astro-ph/0206393},
 keywords = {methods: numerical, galaxies: evolution, galaxies: formation},
     year = 2003,
    month = feb,
   volume = 339,
    pages = {289-311},
      doi = {10.1046/j.1365-8711.2003.06206.x},
   adsurl = {http://adsabs.harvard.edu/abs/2003MNRAS.339..289S},
  adsnote = {Provided by the SAO/NASA Astrophysics Data System}
}


@ARTICLE{stinson2006,
   author = {{Stinson}, G. and {Seth}, A. and {Katz}, N. and {Wadsley}, J. and 
	{Governato}, F. and {Quinn}, T.},
    title = "{Star formation and feedback in smoothed particle hydrodynamic simulations - I. Isolated galaxies}",
  journal = {\mnras},
   eprint = {astro-ph/0602350},
 keywords = {hydrodynamics, methods: N-body simulations, stars: formation, Galaxy: evolution},
     year = 2006,
    month = dec,
   volume = 373,
    pages = {1074-1090},
      doi = {10.1111/j.1365-2966.2006.11097.x},
   adsurl = {http://adsabs.harvard.edu/abs/2006MNRAS.373.1074S},
  adsnote = {Provided by the SAO/NASA Astrophysics Data System}
}


@MISC{music,
   author = {{Hahn}, O. and {Abel}, T.},
    title = "{MUSIC: MUlti-Scale Initial Conditions}",
 keywords = {Software},
howpublished = {Astrophysics Source Code Library},
     year = 2013,
    month = nov,
archivePrefix = "ascl",
   eprint = {1311.011},
   adsurl = {http://adsabs.harvard.edu/abs/2013ascl.soft11011H},
  adsnote = {Provided by the SAO/NASA Astrophysics Data System}
}

@ARTICLE{rockstar,
   author = {{Behroozi}, P.~S. and {Wechsler}, R.~H. and {Wu}, H.-Y.},
    title = "{The ROCKSTAR Phase-space Temporal Halo Finder and the Velocity Offsets of Cluster Cores}",
  journal = {\apj},
archivePrefix = "arXiv",
   eprint = {1110.4372},
 primaryClass = "astro-ph.CO",
 keywords = {dark matter, methods: numerical},
     year = 2013,
    month = jan,
   volume = 762,
      eid = {109},
    pages = {109},
      doi = {10.1088/0004-637X/762/2/109},
   adsurl = {http://adsabs.harvard.edu/abs/2013ApJ...762..109B},
  adsnote = {Provided by the SAO/NASA Astrophysics Data System}
}



@ARTICLE{RoskarDiskMisalignment,
   author = {{Ro{\v s}kar}, R. and {Debattista}, V.~P. and {Brooks}, A.~M. and 
	{Quinn}, T.~R. and {Brook}, C.~B. and {Governato}, F. and {Dalcanton}, J.~J. and 
	{Wadsley}, J.},
    title = "{Misaligned angular momentum in hydrodynamic cosmological simulations: warps, outer discs and thick discs}",
  journal = {\mnras},
archivePrefix = "arXiv",
   eprint = {1006.1659},
 keywords = {Galaxy: stellar content, galaxies: evolution, galaxies: kinematics and dynamics, galaxies: spiral, galaxies: stellar content},
     year = 2010,
    month = oct,
   volume = 408,
    pages = {783-796},
      doi = {10.1111/j.1365-2966.2010.17178.x},
   adsurl = {http://adsabs.harvard.edu/abs/2010MNRAS.408..783R},
  adsnote = {Provided by the SAO/NASA Astrophysics Data System}
}

@ARTICLE{BarnesAxisRatios,
   author = {{Barnes}, J. and {Efstathiou}, G.},
    title = "{Angular momentum from tidal torques}",
  journal = {\apj},
 keywords = {Angular Momentum, Dark Matter, Galactic Clusters, Galactic Evolution, Many Body Problem, Tides, Astronomical Models, Galactic Rotation, White Noise},
     year = 1987,
    month = aug,
   volume = 319,
    pages = {575-600},
      doi = {10.1086/165480},
   adsurl = {http://adsabs.harvard.edu/abs/1987ApJ...319..575B},
  adsnote = {Provided by the SAO/NASA Astrophysics Data System}
}

@ARTICLE{Debattista2008HaloShape,
   author = {{Debattista}, V.~P. and {Moore}, B. and {Quinn}, T. and {Kazantzidis}, S. and 
	{Maas}, R. and {Mayer}, L. and {Read}, J. and {Stadel}, J.},
    title = "{The Causes of Halo Shape Changes Induced by Cooling Baryons: Disks versus Substructures}",
  journal = {\apj},
archivePrefix = "arXiv",
   eprint = {0707.0737},
 keywords = {dark matter, galaxies: evolution, galaxies: formation, galaxies: halos },
     year = 2008,
    month = jul,
   volume = 681,
      eid = {1076-1088},
    pages = {1076-1088},
      doi = {10.1086/587977},
   adsurl = {http://adsabs.harvard.edu/abs/2008ApJ...681.1076D},
  adsnote = {Provided by the SAO/NASA Astrophysics Data System}
}


@ARTICLE{BovyErkalTidalStreams,
   author = {{Bovy}, J. and {Erkal}, D. and {Sanders}, J.~L.},
    title = "{Linear perturbation theory for tidal streams and the small-scale CDM power spectrum}",
  journal = {ArXiv e-prints},
archivePrefix = "arXiv",
   eprint = {1606.03470},
 keywords = {Astrophysics - Astrophysics of Galaxies, Astrophysics - Cosmology and Nongalactic Astrophysics},
     year = 2016,
    month = jun,
   adsurl = {http://adsabs.harvard.edu/abs/2016arXiv160603470B},
  adsnote = {Provided by the SAO/NASA Astrophysics Data System}
}


@ARTICLE{DeBuhrStellarDisks,
   author = {{DeBuhr}, J. and {Ma}, C.-P. and {White}, S.~D.~M.},
    title = "{Stellar discs in Aquarius dark matter haloes}",
  journal = {\mnras},
archivePrefix = "arXiv",
   eprint = {1205.6472},
 keywords = {galaxies: evolution, galaxies: formation, galaxies: kinematics and dynamics, galaxies: structure, cosmology: theory, dark matter},
     year = 2012,
    month = oct,
   volume = 426,
    pages = {983-999},
      doi = {10.1111/j.1365-2966.2012.21910.x},
   adsurl = {http://adsabs.harvard.edu/abs/2012MNRAS.426..983D},
  adsnote = {Provided by the SAO/NASA Astrophysics Data System}
}

@ARTICLE{YurinSpringelStellarDisks,
   author = {{Yurin}, D. and {Springel}, V.},
    title = "{The stability of stellar discs in Milky Way-sized dark matter haloes}",
  journal = {\mnras},
archivePrefix = "arXiv",
   eprint = {1411.3729},
 keywords = {methods: numerical, galaxies: formation, galaxies: kinematics and dynamics, cosmology: theory, dark matter},
     year = 2015,
    month = sep,
   volume = 452,
    pages = {2367-2387},
      doi = {10.1093/mnras/stv1454},
   adsurl = {http://adsabs.harvard.edu/abs/2015MNRAS.452.2367Y},
  adsnote = {Provided by the SAO/NASA Astrophysics Data System}
}


@ARTICLE{ErkalSubstructureStreamGaps,
   author = {{Erkal}, D. and {Belokurov}, V. and {Bovy}, J. and {Sanders}, J.~L.
	},
    title = "{The number and size of subhalo-induced gaps in stellar streams}",
  journal = {ArXiv e-prints},
archivePrefix = "arXiv",
   eprint = {1606.04946},
 keywords = {Astrophysics - Astrophysics of Galaxies},
     year = 2016,
    month = jun,
   adsurl = {http://adsabs.harvard.edu/abs/2016arXiv160604946E},
  adsnote = {Provided by the SAO/NASA Astrophysics Data System}
}


@ARTICLE{DOhngiaSubstructureDepletion,
   author = {{D'Onghia}, E. and {Springel}, V. and {Hernquist}, L. and {Keres}, D.
	},
    title = "{Substructure Depletion in the Milky Way Halo by the Disk}",
  journal = {\apj},
archivePrefix = "arXiv",
   eprint = {0907.3482},
 keywords = {dark matter, Galaxy: disk, Galaxy: formation},
     year = 2010,
    month = feb,
   volume = 709,
    pages = {1138-1147},
      doi = {10.1088/0004-637X/709/2/1138},
   adsurl = {http://adsabs.harvard.edu/abs/2010ApJ...709.1138D},
  adsnote = {Provided by the SAO/NASA Astrophysics Data System}
}


@ARTICLE{AnalyticDisks,
   author = {{Steiman-Cameron}, T.~Y. and {Durisen}, R.~H.},
    title = "{A simple analytic model for the evolution of captured galactic disks}",
  journal = {\apj},
 keywords = {Disk Galaxies, Galactic Evolution, Galactic Structure, Gravitational Fields, Interacting Galaxies, Galactic Rotation, Mass Distribution, Time Dependence},
     year = 1990,
    month = jul,
   volume = 357,
    pages = {62-70},
      doi = {10.1086/168891},
   adsurl = {http://adsabs.harvard.edu/abs/1990ApJ...357...62S},
  adsnote = {Provided by the SAO/NASA Astrophysics Data System}
}


@ARTICLE{QuinnIntegrators,
   author = {{Quinn}, T. and {Katz}, N. and {Stadel}, J. and {Lake}, G.},
    title = "{Time stepping N-body simulations}",
  journal = {ArXiv Astrophysics e-prints},
   eprint = {astro-ph/9710043},
 keywords = {Astrophysics},
     year = 1997,
    month = oct,
   adsurl = {http://adsabs.harvard.edu/abs/1997astro.ph.10043Q},
  adsnote = {Provided by the SAO/NASA Astrophysics Data System}
}

@ARTICLE{DubinskiKuijkenRigidDisks,
   author = {{Dubinski}, J. and {Kuijken}, K.},
    title = "{The settling of warped disks in oblate dark halos}",
  journal = {\apj},
   eprint = {astro-ph/9404003},
 keywords = {Astronomical Models, Bending, Galactic Bulge, Galactic Evolution, Galactic Halos, Galactic Structure, Rotating Disks, Spiral Galaxies, Dynamic Characteristics, Gravitational Effects, Mathematical Models, Precession, Torque},
     year = 1995,
    month = apr,
   volume = 442,
    pages = {492-503},
      doi = {10.1086/175456},
   adsurl = {http://adsabs.harvard.edu/abs/1995ApJ...442..492D},
  adsnote = {Provided by the SAO/NASA Astrophysics Data System}
}


@ARTICLE{GadgetCodePaper,
   author = {{Springel}, V.},
    title = "{The cosmological simulation code GADGET-2}",
  journal = {\mnras},
   eprint = {astro-ph/0505010},
 keywords = {methods: numerical, galaxies: interactions, dark matter},
     year = 2005,
    month = dec,
   volume = 364,
    pages = {1105-1134},
      doi = {10.1111/j.1365-2966.2005.09655.x},
   adsurl = {http://adsabs.harvard.edu/abs/2005MNRAS.364.1105S},
  adsnote = {Provided by the SAO/NASA Astrophysics Data System}
}

@Book{ThorntonAndMarion,
author = {Stephen T. Thornton and Jerry B. Marion},
editor = {Julie M. DeSilva},
title = {"Classical Dynamics of Particles and Systems"},
publisher = {"Cengage Learning"},
year = {2008},
edition = {5},
}

@ARTICLE{GKSubhaloDepletion17,
   author = {{Garrison-Kimmel}, S. and {Wetzel}, A.~R. and {Bullock}, J.~S. and 
	{Hopkins}, P.~F. and {Boylan-Kolchin}, M. and {Faucher-Giguere}, C.-A. and 
	{Keres}, D. and {Quataert}, E. and {Sanderson}, R.~E. and {Graus}, A.~S. and 
	{Kelley}, T.},
    title = "{Not so lumpy after all: modeling the depletion of dark matter subhalos by Milky Way-like galaxies}",
  journal = {ArXiv e-prints},
archivePrefix = "arXiv",
   eprint = {1701.03792},
 keywords = {Astrophysics - Astrophysics of Galaxies},
     year = 2017,
    month = jan,
   adsurl = {http://adsabs.harvard.edu/abs/2017arXiv170103792G},
  adsnote = {Provided by the SAO/NASA Astrophysics Data System}
}


@ARTICLE{SpringelSubhalos08,
   author = {{Springel}, V. and {Wang}, J. and {Vogelsberger}, M. and {Ludlow}, A. and 
	{Jenkins}, A. and {Helmi}, A. and {Navarro}, J.~F. and {Frenk}, C.~S. and 
	{White}, S.~D.~M.},
    title = "{The Aquarius Project: the subhaloes of galactic haloes}",
  journal = {\mnras},
archivePrefix = "arXiv",
   eprint = {0809.0898},
 keywords = {methods: numerical , dark matter},
     year = 2008,
    month = dec,
   volume = 391,
    pages = {1685-1711},
      doi = {10.1111/j.1365-2966.2008.14066.x},
   adsurl = {http://adsabs.harvard.edu/abs/2008MNRAS.391.1685S},
  adsnote = {Provided by the SAO/NASA Astrophysics Data System}
}

@ARTICLE{KatzQuasarZoom,
   author = {{Katz}, N. and {Quinn}, T. and {Bertschinger}, E. and {Gelb}, J.~M.
	},
    title = "{Formation of Quasars at High Redshift}",
  journal = {\mnras},
     year = 1994,
    month = oct,
   volume = 270,
    pages = {L71},
      doi = {10.1093/mnras/270.1.L71},
   adsurl = {http://adsabs.harvard.edu/abs/1994MNRAS.270L..71K},
  adsnote = {Provided by the SAO/NASA Astrophysics Data System}
}

@ARTICLE{NavarroWhiteZoom,
   author = {{Navarro}, J.~F. and {Frenk}, C.~S. and {White}, S.~D.~M.},
    title = "{Accretion of Satellite Galaxies and the Density of the Universe}",
  journal = {\mnras},
     year = 1994,
    month = mar,
   volume = 267,
    pages = {L1},
      doi = {10.1093/mnras/267.1.L1},
   adsurl = {http://adsabs.harvard.edu/abs/1994MNRAS.267L...1N},
  adsnote = {Provided by the SAO/NASA Astrophysics Data System}
}

@ARTICLE{UniverseStarFormation,
   author = {{Madau}, P. and {Dickinson}, M.},
    title = "{Cosmic Star-Formation History}",
  journal = {\araa},
archivePrefix = "arXiv",
   eprint = {1403.0007},
     year = 2014,
    month = aug,
   volume = 52,
    pages = {415-486},
      doi = {10.1146/annurev-astro-081811-125615},
   adsurl = {http://adsabs.harvard.edu/abs/2014ARA%26A..52..415M},
  adsnote = {Provided by the SAO/NASA Astrophysics Data System}
}

@ARTICLE{IllustrisFeedback,
   author = {{Vogelsberger}, M. and {Genel}, S. and {Sijacki}, D. and {Torrey}, P. and 
	{Springel}, V. and {Hernquist}, L.},
    title = "{A model for cosmological simulations of galaxy formation physics}",
  journal = {\mnras},
archivePrefix = "arXiv",
   eprint = {1305.2913},
 keywords = {methods: numerical, cosmology: theory},
     year = 2013,
    month = dec,
   volume = 436,
    pages = {3031-3067},
      doi = {10.1093/mnras/stt1789},
   adsurl = {http://adsabs.harvard.edu/abs/2013MNRAS.436.3031V},
  adsnote = {Provided by the SAO/NASA Astrophysics Data System}
}

@ARTICLE{WetzelFIRE,
   author = {{Wetzel}, A.~R. and {Hopkins}, P.~F. and {Kim}, J.-h. and {Faucher-Gigu{\`e}re}, C.-A. and 
	{Kere{\v s}}, D. and {Quataert}, E.},
    title = "{Reconciling Dwarf Galaxies with {$\Lambda$}CDM Cosmology: Simulating a Realistic Population of Satellites around a Milky Way-mass Galaxy}",
  journal = {\apjl},
archivePrefix = "arXiv",
   eprint = {1602.05957},
 keywords = {cosmology: theory, galaxies: dwarf, galaxies: formation, galaxies: star formation, Local Group, methods: numerical},
     year = 2016,
    month = aug,
   volume = 827,
      eid = {L23},
    pages = {L23},
      doi = {10.3847/2041-8205/827/2/L23},
   adsurl = {http://adsabs.harvard.edu/abs/2016ApJ...827L..23W},
  adsnote = {Provided by the SAO/NASA Astrophysics Data System}
}

@ARTICLE{NewbergRadialWaves,
   author = {{Xu}, Y. and {Newberg}, H.~J. and {Carlin}, J.~L. and {Liu}, C. and 
	{Deng}, L. and {Li}, J. and {Sch{\"o}nrich}, R. and {Yanny}, B.
	},
    title = "{Rings and Radial Waves in the Disk of the Milky Way}",
  journal = {\apj},
archivePrefix = "arXiv",
   eprint = {1503.00257},
 keywords = {Galaxy: disk, Galaxy: kinematics and dynamics, Galaxy: structure},
     year = 2015,
    month = mar,
   volume = 801,
      eid = {105},
    pages = {105},
      doi = {10.1088/0004-637X/801/2/105},
   adsurl = {http://adsabs.harvard.edu/abs/2015ApJ...801..105X},
  adsnote = {Provided by the SAO/NASA Astrophysics Data System}
}

@ARTICLE{WPDGalactICSReference,
   author = {{Widrow}, L.~M. and {Pym}, B. and {Dubinski}, J.},
    title = "{Dynamical Blueprints for Galaxies}",
  journal = {\apj},
archivePrefix = "arXiv",
   eprint = {0801.3414},
 keywords = {dark matter, Galaxy: kinematics and dynamics, methods: N-body simulations, methods: statistical},
     year = 2008,
    month = jun,
   volume = 679,
      eid = {1239-1259},
    pages = {1239-1259},
      doi = {10.1086/587636},
   adsurl = {http://adsabs.harvard.edu/abs/2008ApJ...679.1239W},
  adsnote = {Provided by the SAO/NASA Astrophysics Data System}
}

@ARTICLE{GalactICS1995,
   author = {{Kuijken}, K. and {Dubinski}, J.},
    title = "{Nearly Self-Consistent Disc / Bulge / Halo Models for Galaxies}",
  journal = {\mnras},
     year = 1995,
    month = dec,
   volume = 277,
    pages = {1341},
      doi = {10.1093/mnras/277.4.1341},
   adsurl = {http://adsabs.harvard.edu/abs/1995MNRAS.277.1341K},
  adsnote = {Provided by the SAO/NASA Astrophysics Data System}
}


@ARTICLE{KGGalactICSReference,
   author = {{Kuijken}, K. and {Gilmore}, G.},
    title = "{The mass distribution in the galactic disc. I - A technique to determine the integral surface mass density of the disc near the sun.}",
  journal = {\mnras},
 keywords = {Computational Astrophysics, Density (Mass/Volume), Mass Distribution, Milky Way Galaxy, Sky Surveys (Astronomy), Solar Neighborhood, Disk Galaxies, F Stars, Galactic Mass, Gravitational Fields, K Stars, Southern Sky, Star Distribution},
     year = 1989,
    month = aug,
   volume = 239,
    pages = {571-603},
      doi = {10.1093/mnras/239.2.571},
   adsurl = {http://adsabs.harvard.edu/abs/1989MNRAS.239..571K},
  adsnote = {Provided by the SAO/NASA Astrophysics Data System}
}


@ARTICLE{MiyamotoNagai,
   author = {{Miyamoto}, M. and {Nagai}, R.},
    title = "{Three-dimensional models for the distribution of mass in galaxies}",
  journal = {\pasj},
 keywords = {Astronomical Models, Density Distribution, Galactic Structure, Mass Distribution, Potential Theory, Three Dimensional Models, Functions (Mathematics), Globular Clusters, Gravitational Effects, Mathematical Models, Milky Way Galaxy},
     year = 1975,
   volume = 27,
    pages = {533-543},
   adsurl = {http://adsabs.harvard.edu/abs/1975PASJ...27..533M},
  adsnote = {Provided by the SAO/NASA Astrophysics Data System}
}

@BOOK{BT,
   author = {{Binney}, J. and {Tremaine}, S.},
    title = "{Galactic Dynamics: Second Edition}",
booktitle = {Galactic Dynamics: Second Edition, by James Binney and Scott Tremaine.~ISBN 978-0-691-13026-2 (HB).~Published by Princeton University Press, Princeton, NJ USA, 2008.},
     year = 2008,
publisher = {Princeton University Press},
   adsurl = {http://adsabs.harvard.edu/abs/2008gady.book.....B},
  adsnote = {Provided by the SAO/NASA Astrophysics Data System}
}


@ARTICLE{NFW,
   author = {{Navarro}, J.~F. and {Frenk}, C.~S. and {White}, S.~D.~M.},
    title = "{A Universal Density Profile from Hierarchical Clustering}",
  journal = {\apj},
   eprint = {astro-ph/9611107},
 keywords = {Cosmology: Theory, Cosmology: Dark Matter, Galaxies: Halos, Methods: Numerical},
     year = 1997,
    month = dec,
   volume = 490,
    pages = {493-508},
      doi = {10.1086/304888},
   adsurl = {http://adsabs.harvard.edu/abs/1997ApJ...490..493N},
  adsnote = {Provided by the SAO/NASA Astrophysics Data System}
}

@ARTICLE{kazantzidis2008,
   author = {{Kazantzidis}, S. and {Bullock}, J.~S. and {Zentner}, A.~R. and 
	{Kravtsov}, A.~V. and {Moustakas}, L.~A.},
    title = "{Cold Dark Matter Substructure and Galactic Disks. I. Morphological Signatures of Hierarchical Satellite Accretion}",
  journal = {\apj},
archivePrefix = "arXiv",
   eprint = {0708.1949},
 keywords = {cosmology: theory, dark matter, galaxies: formation, galaxies: kinematics and dynamics, galaxies: structure, methods: numerical},
     year = 2008,
    month = nov,
   volume = 688,
      eid = {254-276},
    pages = {254-276},
      doi = {10.1086/591958},
   adsurl = {http://adsabs.harvard.edu/abs/2008ApJ...688..254K},
  adsnote = {Provided by the SAO/NASA Astrophysics Data System}
}

@ARTICLE{purcell2011,
   author = {{Purcell}, C.~W. and {Bullock}, J.~S. and {Tollerud}, E.~J. and 
	{Rocha}, M. and {Chakrabarti}, S.},
    title = "{The Sagittarius impact as an architect of spirality and outer rings in the Milky Way}",
  journal = {\nat},
archivePrefix = "arXiv",
   eprint = {1109.2918},
 primaryClass = "astro-ph.GA",
     year = 2011,
    month = sep,
   volume = 477,
    pages = {301-303},
      doi = {10.1038/nature10417},
   adsurl = {http://adsabs.harvard.edu/abs/2011Natur.477..301P},
  adsnote = {Provided by the SAO/NASA Astrophysics Data System}
}

% Springel paper about subhalos

@ARTICLE{springel2008,
   author = {{Springel}, V. and {Wang}, J. and {Vogelsberger}, M. and {Ludlow}, A. and 
	{Jenkins}, A. and {Helmi}, A. and {Navarro}, J.~F. and {Frenk}, C.~S. and 
	{White}, S.~D.~M.},
    title = "{The Aquarius Project: the subhaloes of galactic haloes}",
  journal = {\mnras},
archivePrefix = "arXiv",
   eprint = {0809.0898},
 keywords = {methods: numerical , dark matter},
     year = 2008,
    month = dec,
   volume = 391,
    pages = {1685-1711},
      doi = {10.1111/j.1365-2966.2008.14066.x},
   adsurl = {http://adsabs.harvard.edu/abs/2008MNRAS.391.1685S},
  adsnote = {Provided by the SAO/NASA Astrophysics Data System}
}


@ARTICLE{Klypin1999,
   author = {{Klypin}, A. and {Kravtsov}, A.~V. and {Valenzuela}, O. and 
	{Prada}, F.},
    title = "{Where Are the Missing Galactic Satellites?}",
  journal = {\apj},
   eprint = {astro-ph/9901240},
 keywords = {COSMOLOGY: THEORY, GALAXIES: CLUSTERS: GENERAL, GALAXIES: INTERACTIONS, GALAXY: FORMATION, GALAXIES: LOCAL GROUP, METHODS: NUMERICAL, Cosmology: Theory, Galaxies: Clusters: General, Galaxies: Interactions, Galaxy: Formation, Galaxies: Local Group, Methods: Numerical},
     year = 1999,
    month = sep,
   volume = 522,
    pages = {82-92},
      doi = {10.1086/307643},
   adsurl = {http://adsabs.harvard.edu/abs/1999ApJ...522...82K},
  adsnote = {Provided by the SAO/NASA Astrophysics Data System}
}


% Font 2001 says substructure does not heat disk

@ARTICLE{font2001,
   author = {{Font}, A.~S. and {Navarro}, J.~F. and {Stadel}, J. and {Quinn}, T.
	},
    title = "{Halo Substructure and Disk Heating in a {$\Lambda$} Cold Dark Matter Universe}",
  journal = {\apjl},
   eprint = {astro-ph/0106268},
 keywords = {Cosmology: Dark Matter, Galaxies: Evolution, Galaxies: Structure, Methods: n-Body Simulations},
     year = 2001,
    month = dec,
   volume = 563,
    pages = {L1-L4},
      doi = {10.1086/338479},
   adsurl = {http://adsabs.harvard.edu/abs/2001ApJ...563L...1F},
  adsnote = {Provided by the SAO/NASA Astrophysics Data System}
}

% Gauthier + Dubinski + Widrow

@ARTICLE{gauthier2006,
   author = {{Gauthier}, J.-R. and {Dubinski}, J. and {Widrow}, L.~M.},
    title = "{Substructure around M31: Evolution and Effects}",
  journal = {\apj},
   eprint = {astro-ph/0606015},
 keywords = {Cosmology: Miscellaneous, Galaxies: Interactions, Methods: n-Body Simulations},
     year = 2006,
    month = dec,
   volume = 653,
    pages = {1180-1193},
      doi = {10.1086/508860},
   adsurl = {http://adsabs.harvard.edu/abs/2006ApJ...653.1180G},
  adsnote = {Provided by the SAO/NASA Astrophysics Data System}
}

@INPROCEEDINGS{dubinski2008,
   author = {{Dubinski}, J. and {Gauthier}, J.-R. and {Widrow}, L. and {Nickerson}, S.
	},
    title = "{Spiral and Bar Instabilities Provoked by Dark Matter Satellites}",
booktitle = {Formation and Evolution of Galaxy Disks},
     year = 2008,
   series = {Astronomical Society of the Pacific Conference Series},
   volume = 396,
archivePrefix = "arXiv",
   eprint = {0802.3997},
   editor = {{Funes}, J.~G. and {Corsini}, E.~M.},
    month = oct,
    pages = {321},
   adsurl = {http://adsabs.harvard.edu/abs/2008ASPC..396..321D},
  adsnote = {Provided by the SAO/NASA Astrophysics Data System}
}

% GALIC


@MISC{YurinSpringelGalic,
   author = {{Yurin}, D. and {Springel}, V.},
    title = "{GALIC: Galaxy initial conditions construction}",
 keywords = {Software},
howpublished = {Astrophysics Source Code Library},
     year = 2014,
    month = aug,
archivePrefix = "ascl",
   eprint = {1408.008},
   adsurl = {http://adsabs.harvard.edu/abs/2014ascl.soft08008Y},
  adsnote = {Provided by the SAO/NASA Astrophysics Data System}
}


% Gao 2004

@ARTICLE{gao2004,
   author = {{Gao}, L. and {White}, S.~D.~M. and {Jenkins}, A. and {Stoehr}, F. and 
	{Springel}, V.},
    title = "{The subhalo populations of {$\Lambda$}CDM dark haloes}",
  journal = {\mnras},
   eprint = {astro-ph/0404589},
 keywords = {methods: N-body simulations, methods: numerical, galaxies: clusters: general, galaxies: haloes, dark matter},
     year = 2004,
    month = dec,
   volume = 355,
    pages = {819-834},
      doi = {10.1111/j.1365-2966.2004.08360.x},
   adsurl = {http://adsabs.harvard.edu/abs/2004MNRAS.355..819G},
  adsnote = {Provided by the SAO/NASA Astrophysics Data System}
}


@ARTICLE{ibatadiscovery,
   author = {{Ibata}, R.~A. and {Gilmore}, G. and {Irwin}, M.~J.},
    title = "{A dwarf satellite galaxy in Sagittarius}",
  journal = {\nat},
     year = 1994,
    month = jul,
   volume = 370,
    pages = {194-196},
      doi = {10.1038/370194a0},
   adsurl = {http://adsabs.harvard.edu/abs/1994Natur.370..194I},
  adsnote = {Provided by the SAO/NASA Astrophysics Data System}
}

@ARTICLE{streamcount,
   author = {{McConnachie}, A.~W.},
    title = "{The Observed Properties of Dwarf Galaxies in and around the Local Group}",
  journal = {\aj},
archivePrefix = "arXiv",
   eprint = {1204.1562},
 keywords = {catalogs, galaxies: dwarf, galaxies: fundamental parameters, galaxies: general, galaxies: structure, Local Group},
     year = 2012,
    month = jul,
   volume = 144,
      eid = {4},
    pages = {4},
      doi = {10.1088/0004-6256/144/1/4},
   adsurl = {http://adsabs.harvard.edu/abs/2012AJ....144....4M},
  adsnote = {Provided by the SAO/NASA Astrophysics Data System}
}


@ARTICLE{dorman2013,
   author = {{Dorman}, C.~E. and {Widrow}, L.~M. and {Guhathakurta}, P. and 
	{Seth}, A.~C. and {Foreman-Mackey}, D. and {Bell}, E.~F. and 
	{Dalcanton}, J.~J. and {Gilbert}, K.~M. and {Skillman}, E.~D. and 
	{Williams}, B.~F.},
    title = "{A New Approach to Detailed Structural Decomposition from the SPLASH and PHAT Surveys: Kicked-up Disk Stars in the Andromeda Galaxy?}",
  journal = {\apj},
archivePrefix = "arXiv",
   eprint = {1310.4179},
 keywords = {galaxies: kinematics and dynamics, galaxies: spiral, galaxies: structure, Local Group },
     year = 2013,
    month = dec,
   volume = 779,
      eid = {103},
    pages = {103},
      doi = {10.1088/0004-637X/779/2/103},
   adsurl = {http://adsabs.harvard.edu/abs/2013ApJ...779..103D},
  adsnote = {Provided by the SAO/NASA Astrophysics Data System}
}

@ARTICLE{mooresubhalos,
   author = {{Moore}, B. and {Ghigna}, S. and {Governato}, F. and {Lake}, G. and 
	{Quinn}, T. and {Stadel}, J. and {Tozzi}, P.},
    title = "{Dark Matter Substructure within Galactic Halos}",
  journal = {\apjl},
   eprint = {astro-ph/9907411},
 keywords = {COSMOLOGY: OBSERVATIONS, COSMOLOGY: THEORY, COSMOLOGY: DARK MATTER, GALAXIES: CLUSTERS: GENERAL, GALAXIES: FORMATION, Cosmology: Observations, Cosmology: Theory, Cosmology: Dark Matter, Galaxies: Clusters: General, Galaxies: Formation},
     year = 1999,
    month = oct,
   volume = 524,
    pages = {L19-L22},
      doi = {10.1086/312287},
   adsurl = {http://adsabs.harvard.edu/abs/1999ApJ...524L..19M},
  adsnote = {Provided by the SAO/NASA Astrophysics Data System}
}

@ARTICLE{Eagle,
   author = {{Schaye}, J. and {Crain}, R.~A. and {Bower}, R.~G. and {Furlong}, M. and 
	{Schaller}, M. and {Theuns}, T. and {Dalla Vecchia}, C. and 
	{Frenk}, C.~S. and {McCarthy}, I.~G. and {Helly}, J.~C. and 
	{Jenkins}, A. and {Rosas-Guevara}, Y.~M. and {White}, S.~D.~M. and 
	{Baes}, M. and {Booth}, C.~M. and {Camps}, P. and {Navarro}, J.~F. and 
	{Qu}, Y. and {Rahmati}, A. and {Sawala}, T. and {Thomas}, P.~A. and 
	{Trayford}, J.},
    title = "{The EAGLE project: simulating the evolution and assembly of galaxies and their environments}",
  journal = {\mnras},
archivePrefix = "arXiv",
   eprint = {1407.7040},
 keywords = {methods: numerical, galaxies: evolution, galaxies: formation, cosmology: theory},
     year = 2015,
    month = jan,
   volume = 446,
    pages = {521-554},
      doi = {10.1093/mnras/stu2058},
   adsurl = {http://adsabs.harvard.edu/abs/2015MNRAS.446..521S},
  adsnote = {Provided by the SAO/NASA Astrophysics Data System}
}


@ARTICLE{TullyFisherModern,
   author = {{Torres-Flores}, S. and {Epinat}, B. and {Amram}, P. and {Plana}, H. and 
	{Mendes de Oliveira}, C.},
    title = "{GHASP: an H{$\alpha$} kinematic survey of spiral and irregular galaxies - IX. The near-infrared, stellar and baryonic Tully-Fisher relations}",
  journal = {\mnras},
archivePrefix = "arXiv",
   eprint = {1106.0505},
 keywords = {galaxies: evolution, galaxies: kinematics and dynamics},
     year = 2011,
    month = sep,
   volume = 416,
    pages = {1936-1948},
      doi = {10.1111/j.1365-2966.2011.19169.x},
   adsurl = {http://adsabs.harvard.edu/abs/2011MNRAS.416.1936T},
  adsnote = {Provided by the SAO/NASA Astrophysics Data System}
}


@ARTICLE{PurcellHeatedDisk,
   author = {{Purcell}, C.~W. and {Bullock}, J.~S. and {Kazantzidis}, S.},
    title = "{Heated disc stars in the stellar halo}",
  journal = {\mnras},
archivePrefix = "arXiv",
   eprint = {0910.5481},
 keywords = {galaxies: evolution, galaxies: formation, cosmology: theory},
     year = 2010,
    month = jun,
   volume = 404,
    pages = {1711-1718},
      doi = {10.1111/j.1365-2966.2010.16429.x},
   adsurl = {http://adsabs.harvard.edu/abs/2010MNRAS.404.1711P},
  adsnote = {Provided by the SAO/NASA Astrophysics Data System}
}

@ARTICLE{McCarthyHeatedDisk,
   author = {{McCarthy}, I.~G. and {Font}, A.~S. and {Crain}, R.~A. and {Deason}, A.~J. and 
	{Schaye}, J. and {Theuns}, T.},
    title = "{Global structure and kinematics of stellar haloes in cosmological hydrodynamic simulations}",
  journal = {\mnras},
archivePrefix = "arXiv",
   eprint = {1111.1747},
 primaryClass = "astro-ph.GA",
 keywords = {Galaxy: evolution, Galaxy: formation, Galaxy: halo, galaxies: evolution, galaxies: formation, galaxies: haloes},
     year = 2012,
    month = mar,
   volume = 420,
    pages = {2245-2262},
      doi = {10.1111/j.1365-2966.2011.20189.x},
   adsurl = {http://adsabs.harvard.edu/abs/2012MNRAS.420.2245M},
  adsnote = {Provided by the SAO/NASA Astrophysics Data System}
}

@ARTICLE{DormanKickedUpDisk,
   author = {{Dorman}, C.~E. and {Widrow}, L.~M. and {Guhathakurta}, P. and 
	{Seth}, A.~C. and {Foreman-Mackey}, D. and {Bell}, E.~F. and 
	{Dalcanton}, J.~J. and {Gilbert}, K.~M. and {Skillman}, E.~D. and 
	{Williams}, B.~F.},
    title = "{A New Approach to Detailed Structural Decomposition from the SPLASH and PHAT Surveys: Kicked-up Disk Stars in the Andromeda Galaxy?}",
  journal = {\apj},
archivePrefix = "arXiv",
   eprint = {1310.4179},
 keywords = {galaxies: kinematics and dynamics, galaxies: spiral, galaxies: structure, Local Group },
     year = 2013,
    month = dec,
   volume = 779,
      eid = {103},
    pages = {103},
      doi = {10.1088/0004-637X/779/2/103},
   adsurl = {http://adsabs.harvard.edu/abs/2013ApJ...779..103D},
  adsnote = {Provided by the SAO/NASA Astrophysics Data System}
}


@ARTICLE{M33Disruption2010,
   author = {{McConnachie}, A.~W. and {Ferguson}, A.~M.~N. and {Irwin}, M.~J. and 
	{Dubinski}, J. and {Widrow}, L.~M. and {Dotter}, A. and {Ibata}, R. and 
	{Lewis}, G.~F.},
    title = "{The Photometric Properties of a Vast Stellar Substructure in the Outskirts of M33}",
  journal = {\apj},
archivePrefix = "arXiv",
   eprint = {1009.2804},
 keywords = {galaxies: halos, galaxies: individual: M33 M31, galaxies: interactions, galaxies: structure, Local Group},
     year = 2010,
    month = nov,
   volume = 723,
    pages = {1038-1052},
      doi = {10.1088/0004-637X/723/2/1038},
   adsurl = {http://adsabs.harvard.edu/abs/2010ApJ...723.1038M},
  adsnote = {Provided by the SAO/NASA Astrophysics Data System}
}

@ARTICLE{M33Disruption2009,
   author = {{McConnachie}, A.~W. and {Irwin}, M.~J. and {Ibata}, R.~A. and 
	{Dubinski}, J. and {Widrow}, L.~M. and {Martin}, N.~F. and {C{\^o}t{\'e}}, P. and 
	{Dotter}, A.~L. and {Navarro}, J.~F. and {Ferguson}, A.~M.~N. and 
	{Puzia}, T.~H. and {Lewis}, G.~F. and {Babul}, A. and {Barmby}, P. and 
	{Bienaym{\'e}}, O. and {Chapman}, S.~C. and {Cockcroft}, R. and 
	{Collins}, M.~L.~M. and {Fardal}, M.~A. and {Harris}, W.~E. and 
	{Huxor}, A. and {Mackey}, A.~D. and {Pe{\~n}arrubia}, J. and 
	{Rich}, R.~M. and {Richer}, H.~B. and {Siebert}, A. and {Tanvir}, N. and 
	{Valls-Gabaud}, D. and {Venn}, K.~A.},
    title = "{The remnants of galaxy formation from a panoramic survey of the region around M31}",
  journal = {\nat},
archivePrefix = "arXiv",
   eprint = {0909.0398},
     year = 2009,
    month = sep,
   volume = 461,
    pages = {66-69},
      doi = {10.1038/nature08327},
   adsurl = {http://adsabs.harvard.edu/abs/2009Natur.461...66M},
  adsnote = {Provided by the SAO/NASA Astrophysics Data System}
}


@ARTICLE{Zemp2012,
   author = {{Zemp}, M. and {Gnedin}, O.~Y. and {Gnedin}, N.~Y. and {Kravtsov}, A.~V.
	},
    title = "{The Impact of Baryon Physics on the Structure of High-redshift Galaxies}",
  journal = {\apj},
archivePrefix = "arXiv",
   eprint = {1108.5384},
 primaryClass = "astro-ph.GA",
 keywords = {cosmology: theory, galaxies: evolution, galaxies: formation, methods: numerical, stars: formation},
     year = 2012,
    month = mar,
   volume = 748,
      eid = {54},
    pages = {54},
      doi = {10.1088/0004-637X/748/1/54},
   adsurl = {http://adsabs.harvard.edu/abs/2012ApJ...748...54Z},
  adsnote = {Provided by the SAO/NASA Astrophysics Data System}
}


@ARTICLE{AverageSFRs,
   author = {{Behroozi}, P.~S. and {Wechsler}, R.~H. and {Conroy}, C.},
    title = "{The Average Star Formation Histories of Galaxies in Dark Matter Halos from z = 0-8}",
  journal = {\apj},
archivePrefix = "arXiv",
   eprint = {1207.6105},
 primaryClass = "astro-ph.CO",
 keywords = {dark matter, galaxies: abundances, galaxies: evolution, methods: numerical},
     year = 2013,
    month = jun,
   volume = 770,
      eid = {57},
    pages = {57},
      doi = {10.1088/0004-637X/770/1/57},
   adsurl = {http://adsabs.harvard.edu/abs/2013ApJ...770...57B},
  adsnote = {Provided by the SAO/NASA Astrophysics Data System}
}



@ARTICLE{BaryonicInfall,
   author = {{Blumenthal}, G.~R. and {Faber}, S.~M. and {Flores}, R. and 
	{Primack}, J.~R.},
    title = "{Contraction of dark matter galactic halos due to baryonic infall}",
  journal = {\apj},
 keywords = {Baryons, Galactic Evolution, Galactic Rotation, Galactic Structure, Gravitational Collapse, Missing Mass (Astrophysics), Astronomical Models, Halos, Interstellar Matter, Many Body Problem, Mass Distribution, Spiral Galaxies},
     year = 1986,
    month = feb,
   volume = 301,
    pages = {27-34},
      doi = {10.1086/163867},
   adsurl = {http://adsabs.harvard.edu/abs/1986ApJ...301...27B},
  adsnote = {Provided by the SAO/NASA Astrophysics Data System}
}

@ARTICLE{dubinski1994,
   author = {{Dubinski}, J.},
    title = "{The effect of dissipation on the shapes of dark halos}",
  journal = {\apj},
   eprint = {astro-ph/9309001},
 keywords = {Dark Matter, Dissipation, Elliptical Galaxies, Galactic Evolution, Galactic Halos, Galactic Mass, Galactic Structure, Luminosity, Computerized Simulation, Cosmology, Galactic Rotation, Hydrodynamics, Kinematics, Many Body Problem, Mass Distribution},
     year = 1994,
    month = aug,
   volume = 431,
    pages = {617-624},
      doi = {10.1086/174512},
   adsurl = {http://adsabs.harvard.edu/abs/1994ApJ...431..617D},
  adsnote = {Provided by the SAO/NASA Astrophysics Data System}
}

@ARTICLE{sackett1997,
   author = {{Sackett}, P.~D.},
    title = "{Does the Milky Way Have a Maximal Disk?}",
  journal = {\apj},
   eprint = {astro-ph/9608164},
 keywords = {Cosmology: Dark Matter, Galaxies: Kinematics and Dynamics, Galaxy: Kinematics and Dynamics, Galaxy: Structure},
     year = 1997,
    month = jul,
   volume = 483,
    pages = {103-110},
      doi = {10.1086/304223},
   adsurl = {http://adsabs.harvard.edu/abs/1997ApJ...483..103S},
  adsnote = {Provided by the SAO/NASA Astrophysics Data System}
}

@INBOOK{Sellwood2013,
   author = {{Sellwood}, J.~A.},
    title = "{Dynamics of Disks and Warps}",
 keywords = {Physics},
booktitle = {Planets, Stars and Stellar Systems.~Volume 5: Galactic Structure and Stellar Populations},
     year = 2013,
   editor = {{Oswalt}, T.~D. and {Gilmore}, G.},
    pages = {923},
      doi = {10.1007/978-94-007-5612-0_18},
   adsurl = {http://adsabs.harvard.edu/abs/2013pss5.book..923S},
  adsnote = {Provided by the SAO/NASA Astrophysics Data System}
}

@ARTICLE{ToomreParameter,
   author = {{Toomre}, A.},
    title = "{On the gravitational stability of a disk of stars}",
  journal = {\apj},
     year = 1964,
    month = may,
   volume = 139,
    pages = {1217-1238},
      doi = {10.1086/147861},
   adsurl = {http://adsabs.harvard.edu/abs/1964ApJ...139.1217T},
  adsnote = {Provided by the SAO/NASA Astrophysics Data System}
}


@ARTICLE{Bauer2018a,
   author = {{Bauer}, J.~S. and {Widrow}, L.~M. and {Erkal}, D.},
    title = "{Disc-Halo Interactions in $\{$$\backslash$Lambda$\}$CDM}",
  journal = {ArXiv e-prints},
archivePrefix = "arXiv",
   eprint = {1801.03608},
 keywords = {Astrophysics - Astrophysics of Galaxies},
     year = 2018,
    month = jan,
   adsurl = {http://adsabs.harvard.edu/abs/2018arXiv180103608B},
  adsnote = {Provided by the SAO/NASA Astrophysics Data System}
}



@INPROCEEDINGS{AthanassoulaBoxyPeanut,
   author = {{Athanassoula}, E.},
    title = "{Boxy/Peanut/X Bulges, Barlenses and the Thick Part of Galactic Bars: What Are They and How Did They Form?}",
 keywords = {Physics},
booktitle = {Galactic Bulges},
     year = 2016,
   series = {Astrophysics and Space Science Library},
   volume = 418,
archivePrefix = "arXiv",
   eprint = {1503.04804},
   editor = {{Laurikainen}, E. and {Peletier}, R. and {Gadotti}, D.},
    pages = {391},
      doi = {10.1007/978-3-319-19378-6_14},
   adsurl = {http://adsabs.harvard.edu/abs/2016ASSL..418..391A},
  adsnote = {Provided by the SAO/NASA Astrophysics Data System}
}


@ARTICLE{BoxyPeanutDynamicalModeling,
   author = {{Fragkoudi}, F. and {Athanassoula}, E. and {Bosma}, A. and {Iannuzzi}, F.
	},
    title = "{The effects of Boxy/Peanut bulges on galaxy models}",
  journal = {\mnras},
archivePrefix = "arXiv",
   eprint = {1503.03068},
 keywords = {galaxies: bulges, galaxies: kinematics and dynamics, galaxies: structure},
     year = 2015,
    month = jun,
   volume = 450,
    pages = {229-245},
      doi = {10.1093/mnras/stv537},
   adsurl = {http://adsabs.harvard.edu/abs/2015MNRAS.450..229F},
  adsnote = {Provided by the SAO/NASA Astrophysics Data System}
}

@INPROCEEDINGS{AthanassoulaReview08,
   author = {{Athanassoula}, E.},
    title = "{Boxy/peanut and discy bulges: formation, evolution and properties}",
 keywords = {galaxies: bulges, galaxies: evolution, galaxies: formation, galaxies: kinematics and dynamics, stellar dynamics, methods: N-body simulations},
booktitle = {Formation and Evolution of Galaxy Bulges},
     year = 2008,
   series = {IAU Symposium},
   volume = 245,
   editor = {{Bureau}, M. and {Athanassoula}, E. and {Barbuy}, B.},
    month = jul,
    pages = {93-102},
      doi = {10.1017/S1743921308017389},
   adsurl = {http://adsabs.harvard.edu/abs/2008IAUS..245...93A},
  adsnote = {Provided by the SAO/NASA Astrophysics Data System}
}


@ARTICLE{AthanassoulaBarSlowdown,
   author = {{Athanassoula}, E.},
    title = "{Bar slowdown and the distribution of dark matter in barred galaxies}",
  journal = {\mnras},
archivePrefix = "arXiv",
   eprint = {1312.1690},
 keywords = {galaxies: evolution, galaxies: haloes, galaxies: kinematics and dynamics, galaxies: structure},
     year = 2014,
    month = feb,
   volume = 438,
    pages = {L81-L85},
      doi = {10.1093/mnrasl/slt163},
   adsurl = {http://adsabs.harvard.edu/abs/2014MNRAS.438L..81A},
  adsnote = {Provided by the SAO/NASA Astrophysics Data System}
}


@ARTICLE{SellwoodToomreNoise,
   author = {{Sellwood}, J.~A.},
    title = "{Meta-stability in galactic discs}",
  journal = {\mnras},
 keywords = {Astrophysics, Disk Galaxies, Dynamic Stability, Galactic Evolution, Galactic Structure, Many Body Problem, Power Spectra, Random Processes},
     year = 1989,
    month = may,
   volume = 238,
    pages = {115-131},
      doi = {10.1093/mnras/238.1.115},
   adsurl = {http://adsabs.harvard.edu/abs/1989MNRAS.238..115S},
  adsnote = {Provided by the SAO/NASA Astrophysics Data System}
}

@ARTICLE{EfstathiouShotNoise,
   author = {{Efstathiou}, G. and {Lake}, G. and {Negroponte}, J.},
    title = "{The stability and masses of disc galaxies}",
  journal = {\mnras},
 keywords = {Astronomical Models, Disk Galaxies, Dynamic Stability, Galactic Evolution, Mass, Astronomical Photometry, Density Distribution, Galactic Rotation, Mass To Light Ratios},
     year = 1982,
    month = jun,
   volume = 199,
    pages = {1069-1088},
      doi = {10.1093/mnras/199.4.1069},
   adsurl = {http://adsabs.harvard.edu/abs/1982MNRAS.199.1069E},
  adsnote = {Provided by the SAO/NASA Astrophysics Data System}
}

@ARTICLE{ChristodoulouStability1995,
   author = {{Christodoulou}, D.~M. and {Shlosman}, I. and {Tohline}, J.~E.
	},
    title = "{A new criterion for bar-forming instability in rapidly rotating gaseous and stellar systems. 2: Nonaxisymmetric form}",
  journal = {\apj},
   eprint = {astro-ph/9502074},
 keywords = {Astronomical Models, Galactic Evolution, Galactic Structure, Hydrodynamics, Interstellar Gas, Rotation, Stability, Stellar Systems, Ellipsoids, Gravitation, Kinetic Energy, Rotating Cylinders, Rotating Disks, Star Formation, Symmetry},
     year = 1995,
    month = apr,
   volume = 443,
    pages = {563-569},
      doi = {10.1086/175548},
   adsurl = {http://adsabs.harvard.edu/abs/1995ApJ...443..563C},
  adsnote = {Provided by the SAO/NASA Astrophysics Data System}
}


@ARTICLE{CombesSandersBars1981,
   author = {{Combes}, F. and {Sanders}, R.~H.},
    title = "{Formation and properties of persisting stellar bars}",
  journal = {\aap},
 keywords = {Barred Galaxies, Disk Galaxies, Galactic Evolution, Galactic Structure, Halos, Mathematical Models, Fourier Analysis, Fourier Transformation, Galactic Rotation, Gas Dynamics, Gravitational Fields, Interstellar Gas, Spiral Galaxies},
     year = 1981,
    month = mar,
   volume = 96,
    pages = {164-173},
   adsurl = {http://adsabs.harvard.edu/abs/1981A%26A....96..164C},
  adsnote = {Provided by the SAO/NASA Astrophysics Data System}
}


@ARTICLE{ZangHohlBars1978,
   author = {{Zang}, T.~A. and {Hohl}, F.},
    title = "{Computer experiments on the effect of retrograde stars in disk galaxies}",
  journal = {\apj},
 keywords = {Angular Momentum, Astronomical Models, Computerized Simulation, Galactic Rotation, Spiral Galaxies, Stellar Rotation, Distribution Functions, Fast Fourier Transformations, Gravitational Fields, Green'S Functions, Numerical Integration, Velocity Distribution},
     year = 1978,
    month = dec,
   volume = 226,
    pages = {521-539},
      doi = {10.1086/156636},
   adsurl = {http://adsabs.harvard.edu/abs/1978ApJ...226..521Z},
  adsnote = {Provided by the SAO/NASA Astrophysics Data System}
}


@ARTICLE{Sellwood1981,
   author = {{Sellwood}, J.~A.},
    title = "{Bar instability and rotation curves}",
  journal = {\aap},
 keywords = {Barred Galaxies, Computerized Simulation, Disk Galaxies, Galactic Evolution, Galactic Rotation, Rotary Stability, Angular Momentum, Astronomical Models, Curves (Geometry), Dynamic Stability, Star Distribution, Stellar Motions},
     year = 1981,
    month = jun,
   volume = 99,
    pages = {362-374},
   adsurl = {http://adsabs.harvard.edu/abs/1981A%26A....99..362S},
  adsnote = {Provided by the SAO/NASA Astrophysics Data System}
}


@ARTICLE{AthanassoulaSellwood1986,
   author = {{Athanassoula}, E. and {Sellwood}, J.~A.},
    title = "{Bi-symmetric instabilities of the Kuz'min/Toomre disc}",
  journal = {\mnras},
 keywords = {Motion Stability, Star Formation, Stellar Models, Stellar Motions, Disk Galaxies, Random Processes, Spiral Galaxies, Stellar Envelopes, Stellar Mass},
     year = 1986,
    month = jul,
   volume = 221,
    pages = {213-232},
      doi = {10.1093/mnras/221.2.213},
   adsurl = {http://adsabs.harvard.edu/abs/1986MNRAS.221..213A},
  adsnote = {Provided by the SAO/NASA Astrophysics Data System}
}


@ARTICLE{Jalali2007,
   author = {{Jalali}, M.~A.},
    title = "{Unstable Disk Galaxies. I. Modal Properties}",
  journal = {\apj},
archivePrefix = "arXiv",
   eprint = {0707.1250},
 keywords = {Galaxies: Kinematics and Dynamics, Galaxies: Spiral, Galaxies: Structure, Instabilities, Methods: Analytical, Stellar Dynamics},
     year = 2007,
    month = nov,
   volume = 669,
    pages = {218-231},
      doi = {10.1086/521523},
   adsurl = {http://adsabs.harvard.edu/abs/2007ApJ...669..218J},
  adsnote = {Provided by the SAO/NASA Astrophysics Data System}
}

@ARTICLE{Jalali2008,
   author = {{Jalali}, M.~A.},
    title = "{Unstable Disk Galaxies. II. The Origin of Growing and Stationary Modes}",
  journal = {\apj},
archivePrefix = "arXiv",
   eprint = {0808.1939},
 keywords = {galaxies: kinematics and dynamics, galaxies: spiral, galaxies: structure, instabilities, methods: analytical, stellar dynamics },
     year = 2008,
    month = dec,
   volume = 689,
      eid = {134-147},
    pages = {134-147},
      doi = {10.1086/592556},
   adsurl = {http://adsabs.harvard.edu/abs/2008ApJ...689..134J},
  adsnote = {Provided by the SAO/NASA Astrophysics Data System}
}

@ARTICLE{Kalnajs1971,
   author = {{Kalnajs}, A.~J.},
    title = "{Dynamics of Flat Galaxies. I}",
  journal = {\apj},
     year = 1971,
    month = jun,
   volume = 166,
    pages = {275},
      doi = {10.1086/150957},
   adsurl = {http://adsabs.harvard.edu/abs/1971ApJ...166..275K},
  adsnote = {Provided by the SAO/NASA Astrophysics Data System}
}

@ARTICLE{Kalnajs1977,
   author = {{Kalnajs}, A.~J.},
    title = "{Dynamics of flat galaxies. IV - The integral equation for normal modes in matrix form}",
  journal = {\apj},
 keywords = {Astrophysics, Density Wave Model, Galactic Structure, Integral Equations, Spiral Galaxies, Stellar Motions, Matrices (Mathematics), Orthonormal Functions, Poisson Equation, Variational Principles},
     year = 1977,
    month = mar,
   volume = 212,
    pages = {637-644},
      doi = {10.1086/155086},
   adsurl = {http://adsabs.harvard.edu/abs/1977ApJ...212..637K},
  adsnote = {Provided by the SAO/NASA Astrophysics Data System}
}

@PHDTHESIS{Zang1976,
   author = {{Zang}, T.~A.},
    title = "{The Stability of a Model Galaxy.}",
   school = {, Massachussetts Institute of Technology, Cambrigde, MA},
     year = 1976,
   adsurl = {http://adsabs.harvard.edu/abs/1976PhDT........26Z},
  adsnote = {Provided by the SAO/NASA Astrophysics Data System}
}

@ARTICLE{EvansRead1998a,
   author = {{Evans}, N.~W. and {Read}, J.~C.~A.},
    title = "{Stability of power-law discs - I. The Fredholm integral equation}",
  journal = {\mnras},
   eprint = {astro-ph/9805305},
 keywords = {INSTABILITIES, METHODS: ANALYTICAL, METHODS: NUMERICAL, CELESTIAL MECHANICS, STELLAR DYNAMICS, GALAXIES: KINEMATICS AND DYNAMICS, GALAXIES: SPIRAL},
     year = 1998,
    month = oct,
   volume = 300,
    pages = {83-105},
      doi = {10.1046/j.1365-8711.1998.01863.x},
   adsurl = {http://adsabs.harvard.edu/abs/1998MNRAS.300...83E},
  adsnote = {Provided by the SAO/NASA Astrophysics Data System}
}


@ARTICLE{EvansRead1998b,
   author = {{Evans}, N.~W. and {Read}, J.~C.~A.},
    title = "{Stability of power-law discs - II. The global spiral modes}",
  journal = {\mnras},
 keywords = {INSTABILITIES, CELESTIAL MECHANICS, STELLAR DYNAMICS, GALAXIES: KINEMATICS AND DYNAMICS, GALAXIES: SPIRAL, GALAXIES: STRUCTURE},
     year = 1998,
    month = oct,
   volume = 300,
    pages = {106-130},
      doi = {10.1046/j.1365-8711.1998.01864.x},
   adsurl = {http://adsabs.harvard.edu/abs/1998MNRAS.300..106E},
  adsnote = {Provided by the SAO/NASA Astrophysics Data System}
}

@ARTICLE{HunterToomreBending1969,
   author = {{Hunter}, C. and {Toomre}, A.},
    title = "{Dynamics of the Bending of the Galaxy}",
  journal = {\apj},
     year = 1969,
    month = mar,
   volume = 155,
    pages = {747},
      doi = {10.1086/149908},
   adsurl = {http://adsabs.harvard.edu/abs/1969ApJ...155..747H},
  adsnote = {Provided by the SAO/NASA Astrophysics Data System}
}


@ARTICLE{Araki1987,
   author = {{Araki}, S.},
    title = "{The two-stream instability in infinite homogeneous and uniformly rotating stellar systems}",
  journal = {\aj},
 keywords = {Computational Astrophysics, Dynamic Stability, Stellar Rotation, Stellar Systems, Jeans Theory, Phase-Space Integral, Stellar Gravitation, Velocity Distribution},
     year = 1987,
    month = jul,
   volume = 94,
    pages = {99-105},
      doi = {10.1086/114451},
   adsurl = {http://adsabs.harvard.edu/abs/1987AJ.....94...99A},
  adsnote = {Provided by the SAO/NASA Astrophysics Data System}
}

@ARTICLE{Klypin2009,
   author = {{Klypin}, A. and {Valenzuela}, O. and {Col{\'{\i}}n}, P. and 
	{Quinn}, T.},
    title = "{Dynamics of barred galaxies: effects of disc height}",
  journal = {\mnras},
archivePrefix = "arXiv",
   eprint = {0808.3422},
 keywords = {methods: N-body simulations , galaxies: evolution , galaxies: haloes , galaxies: kinematics and dynamics},
     year = 2009,
    month = sep,
   volume = 398,
    pages = {1027-1040},
      doi = {10.1111/j.1365-2966.2009.15187.x},
   adsurl = {http://adsabs.harvard.edu/abs/2009MNRAS.398.1027K},
  adsnote = {Provided by the SAO/NASA Astrophysics Data System}
}


@ARTICLE{power_et_al_2003,
   author = {{Power}, C. and {Navarro}, J.~F. and {Jenkins}, A. and {Frenk}, C.~S. and 
	{White}, S.~D.~M. and {Springel}, V. and {Stadel}, J. and {Quinn}, T.
	},
    title = "{The inner structure of {$\Lambda$}CDM haloes - I. A numerical convergence study}",
  journal = {\mnras},
   eprint = {astro-ph/0201544},
 keywords = {gravitation, cosmology: theory, dark matter},
     year = 2003,
    month = jan,
   volume = 338,
    pages = {14-34},
      doi = {10.1046/j.1365-8711.2003.05925.x},
   adsurl = {http://adsabs.harvard.edu/abs/2003MNRAS.338...14P},
  adsnote = {Provided by the SAO/NASA Astrophysics Data System}
}

@ARTICLE{agama,
   author = {{Vasiliev}, E.},
    title = "{AGAMA: Action-based galaxy modelling architecture}",
  journal = {ArXiv e-prints},
archivePrefix = "arXiv",
   eprint = {1802.08239},
 keywords = {Astrophysics - Astrophysics of Galaxies},
     year = 2018,
    month = feb,
   adsurl = {http://adsabs.harvard.edu/abs/2018arXiv180208239V},
  adsnote = {Provided by the SAO/NASA Astrophysics Data System}
}


@ARTICLE{PeeblesOstriker1973,
   author = {{Ostriker}, J.~P. and {Peebles}, P.~J.~E.},
    title = "{A Numerical Study of the Stability of Flattened Galaxies: or, can Cold Galaxies Survive?}",
  journal = {\apj},
     year = 1973,
    month = dec,
   volume = 186,
    pages = {467-480},
      doi = {10.1086/152513},
   adsurl = {http://adsabs.harvard.edu/abs/1973ApJ...186..467O},
  adsnote = {Provided by the SAO/NASA Astrophysics Data System}
}

@ARTICLE{GoldreichTremaine1979,
   author = {{Goldreich}, P. and {Tremaine}, S.},
    title = "{The excitation of density waves at the Lindblad and corotation resonances by an external potential}",
  journal = {\apj},
 keywords = {Density Wave Model, Galactic Structure, Rotating Disks, Astrodynamics, Hydrodynamics, Resonance, Stellar Motions, Wave Excitation},
     year = 1979,
    month = nov,
   volume = 233,
    pages = {857-871},
      doi = {10.1086/157448},
   adsurl = {http://adsabs.harvard.edu/abs/1979ApJ...233..857G},
  adsnote = {Provided by the SAO/NASA Astrophysics Data System}
}


@ARTICLE{GoldreichTremaine1978,
   author = {{Goldreich}, P. and {Tremaine}, S.},
    title = "{The excitation and evolution of density waves}",
  journal = {\apj},
 keywords = {Astronomical Models, Density Wave Model, Galactic Evolution, Galactic Structure, Rotating Disks, Wave Excitation, Coriolis Effect, Fourier Transformation, Rotation, Shear Flow, Spiral Galaxies, Stellar Motions},
     year = 1978,
    month = jun,
   volume = 222,
    pages = {850-858},
      doi = {10.1086/156203},
   adsurl = {http://adsabs.harvard.edu/abs/1978ApJ...222..850G},
  adsnote = {Provided by the SAO/NASA Astrophysics Data System}
}

@ARTICLE{spitzer1942,
   author = {{Spitzer}, Jr., L.},
    title = "{The Dynamics of the Interstellar Medium. III. Galactic Distribution.}",
  journal = {\apj},
     year = 1942,
    month = may,
   volume = 95,
    pages = {329},
      doi = {10.1086/144407},
   adsurl = {http://adsabs.harvard.edu/abs/1942ApJ....95..329S},
  adsnote = {Provided by the SAO/NASA Astrophysics Data System}
}

@ARTICLE{DubinskiBerentzenShlosman2009,
   author = {{Dubinski}, J. and {Berentzen}, I. and {Shlosman}, I.},
    title = "{Anatomy of the Bar Instability in Cuspy Dark Matter Halos}",
  journal = {\apj},
archivePrefix = "arXiv",
   eprint = {0810.4925},
 keywords = {dark matter, galaxies: evolution, galaxies: kinematics and dynamics, galaxies: structure, methods: N-body simulations},
     year = 2009,
    month = may,
   volume = 697,
    pages = {293-310},
      doi = {10.1088/0004-637X/697/1/293},
   adsurl = {http://adsabs.harvard.edu/abs/2009ApJ...697..293D},
  adsnote = {Provided by the SAO/NASA Astrophysics Data System}
}


@ARTICLE{planck_2014,
   author = {{Planck Collaboration} and {Ade}, P.~A.~R. and {Aghanim}, N. and 
	{Armitage-Caplan}, C. and {Arnaud}, M. and {Ashdown}, M. and 
	{Atrio-Barandela}, F. and {Aumont}, J. and {Baccigalupi}, C. and 
	{Banday}, A.~J. and et al.},
    title = "{Planck 2013 results. XVI. Cosmological parameters}",
  journal = {\aap},
archivePrefix = "arXiv",
   eprint = {1303.5076},
 keywords = {cosmic background radiation, cosmological parameters, early Universe, inflation, primordial nucleosynthesis},
     year = 2014,
    month = nov,
   volume = 571,
      eid = {A16},
    pages = {A16},
      doi = {10.1051/0004-6361/201321591},
   adsurl = {http://adsabs.harvard.edu/abs/2014A26A...571A..16P},
  adsnote = {Provided by the SAO/NASA Astrophysics Data System}
}


@ARTICLE{BinneyAumer2017a,
   author = {{Aumer}, M. and {Binney}, J. and {Sch{\"o}nrich}, R.},
    title = "{Migration and kinematics in growing disc galaxies with thin and thick discs}",
  journal = {\mnras},
archivePrefix = "arXiv",
   eprint = {1706.04042},
 keywords = {methods: numerical, Galaxy: disc, Galaxy: formation, Galaxy: kinematics and dynamics, galaxies: evolution, galaxies: spiral},
     year = 2017,
    month = sep,
   volume = 470,
    pages = {3685-3706},
      doi = {10.1093/mnras/stx1483},
   adsurl = {http://adsabs.harvard.edu/abs/2017MNRAS.470.3685A},
  adsnote = {Provided by the SAO/NASA Astrophysics Data System}
}

@ARTICLE{BinneyAumer2017b,
   author = {{Aumer}, M. and {Binney}, J.},
    title = "{The structural evolution of galaxies with both thin and thick discs}",
  journal = {\mnras},
archivePrefix = "arXiv",
   eprint = {1705.09240},
 keywords = {methods: numerical, Galaxy: disc, Galaxy: kinematics and dynamics, Galaxy: structure, galaxies: evolution, galaxies: spiral},
     year = 2017,
    month = sep,
   volume = 470,
    pages = {2113-2132},
      doi = {10.1093/mnras/stx1300},
   adsurl = {http://adsabs.harvard.edu/abs/2017MNRAS.470.2113A},
  adsnote = {Provided by the SAO/NASA Astrophysics Data System}
}

@ARTICLE{masters2010,
   author = {{Masters}, K.~L. and {Mosleh}, M. and {Romer}, A.~K. and {Nichol}, R.~C. and 
	{Bamford}, S.~P. and {Schawinski}, K. and {Lintott}, C.~J. and 
	{Andreescu}, D. and {Campbell}, H.~C. and {Crowcroft}, B. and 
	{Doyle}, I. and {Edmondson}, E.~M. and {Murray}, P. and {Raddick}, M.~J. and 
	{Slosar}, A. and {Szalay}, A.~S. and {Vandenberg}, J.},
    title = "{Galaxy Zoo: passive red spirals}",
  journal = {\mnras},
archivePrefix = "arXiv",
   eprint = {0910.4113},
 keywords = {surveys, galaxies: active, galaxies: evolution, galaxies: photometry, galaxies: spiral},
     year = 2010,
    month = jun,
   volume = 405,
    pages = {783-799},
      doi = {10.1111/j.1365-2966.2010.16503.x},
   adsurl = {http://adsabs.harvard.edu/abs/2010MNRAS.405..783M},
  adsnote = {Provided by the SAO/NASA Astrophysics Data System}
}


@ARTICLE{VP2004,
   author = {{Martinez-Valpuesta}, I. and {Shlosman}, I.},
    title = "{Why Buckling Stellar Bars Weaken in Disk Galaxies}",
  journal = {\apjl},
   eprint = {astro-ph/0408241},
 keywords = {Galaxies: Bulges, Galaxies: Evolution, Galaxies: Formation, Galaxies: Halos, Galaxies: Kinematics and Dynamics, Galaxies: Spiral},
     year = 2004,
    month = sep,
   volume = 613,
    pages = {L29-L32},
      doi = {10.1086/424876},
   adsurl = {http://adsabs.harvard.edu/abs/2004ApJ...613L..29M},
  adsnote = {Provided by the SAO/NASA Astrophysics Data System}
}

@ARTICLE{dubinski2009,
   author = {{Dubinski}, J. and {Chakrabarty}, D.},
    title = "{Warps and Bars from the External Tidal Torques of Tumbling Dark Halos}",
  journal = {\apj},
archivePrefix = "arXiv",
   eprint = {0908.0168},
 keywords = {galaxies: kinematics and dynamics, methods: N-body simulations, stellar dynamics},
     year = 2009,
    month = oct,
   volume = 703,
    pages = {2068-2081},
      doi = {10.1088/0004-637X/703/2/2068},
   adsurl = {http://adsabs.harvard.edu/abs/2009ApJ...703.2068D},
  adsnote = {Provided by the SAO/NASA Astrophysics Data System}
}

@ARTICLE{sellwood1993,
   author = {{Sellwood}, J.~A. and {Wilkinson}, A.},
    title = "{Dynamics of barred galaxies}",
  journal = {Reports on Progress in Physics},
   eprint = {astro-ph/0608665},
     year = 1993,
    month = feb,
   volume = 56,
    pages = {173-256},
      doi = {10.1088/0034-4885/56/2/001},
   adsurl = {http://adsabs.harvard.edu/abs/1993RPPh...56..173S},
  adsnote = {Provided by the SAO/NASA Astrophysics Data System}
}

@ARTICLE{binney1998,
   author = {{Binney}, J. and {Jiang}, I.-G. and {Dutta}, S.},
    title = "{The Persistence of WARPS in Spiral Galaxies with Massive Haloes}",
  journal = {\mnras},
   eprint = {astro-ph/9708024},
 keywords = {GALAXIES: HALOES, GALAXIES: KINEMATICS AND DYNAMICS, GALAXIES: SPIRAL, GALAXIES: STRUCTURE},
     year = 1998,
    month = jul,
   volume = 297,
    pages = {1237-1244},
      doi = {10.1046/j.1365-8711.1998.01595.x},
   adsurl = {http://adsabs.harvard.edu/abs/1998MNRAS.297.1237B},
  adsnote = {Provided by the SAO/NASA Astrophysics Data System}
}

@ARTICLE{gnedin2004,
   author = {{Gnedin}, O.~Y. and {Kravtsov}, A.~V. and {Klypin}, A.~A. and  
        {Nagai}, D.},
   title = "{Response of Dark Matter Halos to Condensation of Baryons: Cosmological Simulations and Improved Adiabatic Contraction Model}",
  journal = {\apj},
   eprint = {astro-ph/0406247},
 keywords = {Cosmology: Theory, Cosmology: Dark Matter, Galaxies: Formation, Galaxies: Halos, Methods: Numerical},
     year = 2004,
    month = nov,
   volume = 616,
    pages = {16-26},
      doi = {10.1086/424914},
   adsurl = {http://adsabs.harvard.edu/abs/2004ApJ...616...16G},
  adsnote = {Provided by the SAO/NASA Astrophysics Data System}
}


@ARTICLE{blumenthal1986,
   author = {{Blumenthal}, G.~R. and {Faber}, S.~M. and {Flores}, R. and 
{Primack}, J.~R.},
    title = "{Contraction of dark matter galactic halos due to baryonic infall}",
  journal = {\apj},
 keywords = {Baryons, Galactic Evolution, Galactic Rotation, Galactic Structure, Gravitational Collapse, Missing Mass (Astrophysics), Astronomical Models, Halos, Interstellar Matter, Many Body Problem, Mass Distribution, Spiral Galaxies},
     year = 1986,
    month = feb,
   volume = 301,
    pages = {27-34},
      doi = {10.1086/163867},
   adsurl = {http://adsabs.harvard.edu/abs/1986ApJ...301...27B},
  adsnote = {Provided by the SAO/NASA Astrophysics Data System}
}


@ARTICLE{ryden1987,
   author = {{Ryden}, B.~S. and {Gunn}, J.~E.},
    title = "{Galaxy formation by gravitational collapse}",
  journal = {\apj},
 keywords = {Computational Astrophysics, Dark Matter, Galactic Evolution, Gravitational Collapse, Universe, Angular Momentum, Equations Of Motion, Velocity Distribution},
     year = 1987,
    month = jul,
   volume = 318,
    pages = {15-31},
      doi = {10.1086/165349},
   adsurl = {http://adsabs.harvard.edu/abs/1987ApJ...318...15R},
  adsnote = {Provided by the SAO/NASA Astrophysics Data System}
}

@ARTICLE{dubinski1995,
   author = {{Dubinski}, J. and {Kuijken}, K.},
    title = "{The settling of warped disks in oblate dark halos}",
  journal = {\apj},
   eprint = {astro-ph/9404003},
 keywords = {Astronomical Models, Bending, Galactic Bulge, Galactic Evolution, Galactic Halos, Galactic Structure, Rotating Disks, Spiral Galaxies, Dynamic Characteristics, Gravitational Effects, Mathematical Models, Precession, Torque},
     year = 1995,
    month = apr,
   volume = 442,
    pages = {492-503},
      doi = {10.1086/175456},
   adsurl = {http://adsabs.harvard.edu/abs/1995ApJ...442..492D},
  adsnote = {Provided by the SAO/NASA Astrophysics Data System}
}
