
@ARTICLE{sellwood_1996,
   author = {{Sellwood}, J.~A.},
    title = "{Axisymmetric Bending Oscillations of Stellar Disks}",
  journal = {\apj},
   eprint = {astro-ph/9604123},
 keywords = {GALAXIES: EVOLUTION, GALAXIES: KINEMATICS AND DYNAMICS, GALAXIES: STRUCTURE, CELESTIAL MECHANICS, STELLAR DYNAMICS, INSTABILITIES, METHODS: NUMERICAL},
     year = 1996,
    month = dec,
   volume = 473,
    pages = {733},
      doi = {10.1086/178185},
   adsurl = {https://ui.adsabs.harvard.edu/abs/1996ApJ...473..733S},
  adsnote = {Provided by the SAO/NASA Astrophysics Data System}
}

@ARTICLE{sackett_1997,
   author = {{Sackett}, P.~D.},
    title = "{Does the Milky Way Have a Maximal Disk?}",
  journal = {\apj},
   eprint = {astro-ph/9608164},
 keywords = {Cosmology: Dark Matter, Galaxies: Kinematics and Dynamics, Galaxy: Kinematics and Dynamics, Galaxy: Structure},
     year = 1997,
    month = jul,
   volume = 483,
    pages = {103-110},
      doi = {10.1086/304223},
   adsurl = {https://ui.adsabs.harvard.edu/abs/1997ApJ...483..103S},
  adsnote = {Provided by the SAO/NASA Astrophysics Data System}
}

@ARTICLE{sanchez_2015,
   author = {{S{\'a}nchez-Gil}, M.~C. and {Alfaro}, E.~J. and {P{\'e}rez}, E.
	},
    title = "{Corrugated velocity patterns in the spiral galaxies: NGC 278, NGC 1058, NGC 2500 {\&} UGC 3574}",
  journal = {\mnras},
archivePrefix = "arXiv",
   eprint = {1509.07094},
 keywords = {instrumentation: spectrographs, stars: kinematics and dynamics, galaxies: spiral, galaxies: star formation},
     year = 2015,
    month = dec,
   volume = 454,
    pages = {3376-3390},
      doi = {10.1093/mnras/stv2206},
   adsurl = {https://ui.adsabs.harvard.edu/abs/2015MNRAS.454.3376S},
  adsnote = {Provided by the SAO/NASA Astrophysics Data System}
}

@ARTICLE{matthews_2008,
   author = {{Matthews}, L.~D. and {Uson}, J.~M.},
    title = "{Corrugations in the Disk of the Edge-On Spiral Galaxy IC 2233}",
  journal = {\apj},
archivePrefix = "arXiv",
   eprint = {0807.3560},
 keywords = {galaxies: individual: IC 2233, galaxies: spiral, galaxies: structure, instabilities, ISM: structure},
     year = 2008,
    month = nov,
   volume = 688,
    pages = {237-244},
      doi = {10.1086/592086},
   adsurl = {https://ui.adsabs.harvard.edu/abs/2008ApJ...688..237M},
  adsnote = {Provided by the SAO/NASA Astrophysics Data System}
}


@ARTICLE{cox_1996,
   author = {{Cox}, A.~L. and {Sparke}, L.~S. and {van Moorsel}, G. and {Shaw}, M.
	},
    title = "{Optical and 21 CM Observations of the Warped, Edge-On Galaxy UGC 7170}",
  journal = {\aj},
 keywords = {RADIO LINES: GALAXIES, GALAXIES: INDIVIDUAL: UGC 7170, GALAXIES: SPIRAL},
     year = 1996,
    month = apr,
   volume = 111,
    pages = {1505},
      doi = {10.1086/117892},
   adsurl = {https://ui.adsabs.harvard.edu/abs/1996AJ....111.1505C},
  adsnote = {Provided by the SAO/NASA Astrophysics Data System}
}


@ARTICLE{reyle_2009,
   author = {{Reyl{\'e}}, C. and {Marshall}, D.~J. and {Robin}, A.~C. and 
	{Schultheis}, M.},
    title = "{The Milky Way's external disc constrained by 2MASS star counts}",
  journal = {\aap},
archivePrefix = "arXiv",
   eprint = {0812.3739},
 keywords = {Galaxy: disk, galaxie: structure, surveys},
     year = 2009,
    month = mar,
   volume = 495,
    pages = {819-826},
      doi = {10.1051/0004-6361/200811341},
   adsurl = {https://ui.adsabs.harvard.edu/abs/2009A%26A...495..819R},
  adsnote = {Provided by the SAO/NASA Astrophysics Data System}
}


@ARTICLE{garcia-ruiz_2002,
   author = {{Garc{\'{\i}}a-Ruiz}, I. and {Sancisi}, R. and {Kuijken}, K.
	},
    title = "{Neutral hydrogen and optical observations of edge-on galaxies: Hunting for warps}",
  journal = {\aap},
   eprint = {astro-ph/0207112},
 keywords = {galaxies: kinematics and dynamics, galaxies: structure},
     year = 2002,
    month = nov,
   volume = 394,
    pages = {769-789},
      doi = {10.1051/0004-6361:20020976},
   adsurl = {https://ui.adsabs.harvard.edu/abs/2002A%26A...394..769G},
  adsnote = {Provided by the SAO/NASA Astrophysics Data System}
}

@INPROCEEDINGS{bosma_1991,
   author = {{Bosma}, A.},
    title = "{Warped and Flaring HI Disks}",
booktitle = {Warped Disks and Inclined Rings around Galaxies},
     year = 1991,
   editor = {{Casertano}, S. and {Sackett}, P.~D. and {Briggs}, F.~H.},
    pages = {181},
   adsurl = {https://ui.adsabs.harvard.edu/abs/1991wdir.conf..181B},
  adsnote = {Provided by the SAO/NASA Astrophysics Data System}
}

@ARTICLE{sancisi_1976,
   author = {{Sancisi}, R.},
    title = "{Warped HI Disks in Galaxies}",
  journal = {\aap},
     year = 1976,
    month = dec,
   volume = 53,
    pages = {159},
   adsurl = {https://ui.adsabs.harvard.edu/abs/1976A%26A....53..159S},
  adsnote = {Provided by the SAO/NASA Astrophysics Data System}
}


@ARTICLE{oort_1958,
   author = {{Oort}, J.~H. and {Kerr}, F.~J. and {Westerhout}, G.},
    title = "{The galactic system as a spiral nebula (Council Note)}",
  journal = {\mnras},
     year = 1958,
   volume = 118,
    pages = {379},
      doi = {10.1093/mnras/118.4.379},
   adsurl = {https://ui.adsabs.harvard.edu/abs/1958MNRAS.118..379O},
  adsnote = {Provided by the SAO/NASA Astrophysics Data System}
}


@ARTICLE{yanny_gardner_2013,
   author = {{Yanny}, B. and {Gardner}, S.},
    title = "{The Stellar Number Density Distribution in the Local Solar Neighborhood is North-South Asymmetric}",
  journal = {\apj},
archivePrefix = "arXiv",
   eprint = {1309.2300},
 keywords = {Galaxy: kinematics and dynamics, solar neighborhood },
     year = 2013,
    month = nov,
   volume = 777,
      eid = {91},
    pages = {91},
      doi = {10.1088/0004-637X/777/2/91},
   adsurl = {https://ui.adsabs.harvard.edu/abs/2013ApJ...777...91Y},
  adsnote = {Provided by the SAO/NASA Astrophysics Data System}
}

@ARTICLE{binney_1992,
   author = {{Binney}, J.},
    title = "{WARPS}",
  journal = {\araa},
 keywords = {Cosmology, Galactic Evolution, Galactic Structure, Local Group (Astronomy), Andromeda Galaxy, Angular Momentum, Angular Velocity, Milky Way Galaxy},
     year = 1992,
   volume = 30,
    pages = {51-74},
      doi = {10.1146/annurev.aa.30.090192.000411},
   adsurl = {https://ui.adsabs.harvard.edu/abs/1992ARA%26A..30...51B},
  adsnote = {Provided by the SAO/NASA Astrophysics Data System}
}


@ARTICLE{bar_buckling_echo,
       author = {{Khoperskov}, Sergey and {Di Matteo}, Paola and {Gerhard}, Ortwin and
         {Katz}, David and {Haywood}, Misha and {Combes}, Francoise and
         {Berczik}, Peter and {Gomez}, Ana},
        title = "{The echo of the bar buckling: phase-space spirals in Gaia DR2}",
      journal = {arXiv e-prints},
     keywords = {Astrophysics - Astrophysics of Galaxies},
         year = "2018",
        month = "Nov",
          eid = {arXiv:1811.09205},
        pages = {arXiv:1811.09205},
archivePrefix = {arXiv},
       eprint = {1811.09205},
 primaryClass = {astro-ph.GA},
       adsurl = {https://ui.adsabs.harvard.edu/abs/2018arXiv181109205K},
      adsnote = {Provided by the SAO/NASA Astrophysics Data System}
}

@ARTICLE{GadgetCodePaper,
   author = {{Springel}, V.},
    title = "{The cosmological simulation code GADGET-2}",
  journal = {\mnras},
   eprint = {astro-ph/0505010},
 keywords = {methods: numerical, galaxies: interactions, dark matter},
     year = 2005,
    month = dec,
   volume = 364,
    pages = {1105-1134},
      doi = {10.1111/j.1365-2966.2005.09655.x},
   adsurl = {http://adsabs.harvard.edu/abs/2005MNRAS.364.1105S},
  adsnote = {Provided by the SAO/NASA Astrophysics Data System}
}
@ARTICLE{laporte_2018_b,
       author = {{Laporte}, Chervin F.~P. and {Johnston}, Kathryn V. and
         {G{\'o}mez}, Facundo A. and {Garavito-Camargo}, Nicolas and
         {Besla}, Gurtina},
        title = "{The influence of Sagittarius and the Large Magellanic Cloud on the stellar disc of the Milky Way Galaxy}",
      journal = {\mnras},
     keywords = {Galaxy: disc, Galaxy: evolution, Galaxy: formation, Galaxy: halo, Galaxy: kinematics and dynamics, Galaxy: structure, Astrophysics - Astrophysics of Galaxies},
         year = "2018",
        month = "Nov",
       volume = {481},
       number = {1},
        pages = {286-306},
          doi = {10.1093/mnras/sty1574},
archivePrefix = {arXiv},
       eprint = {1710.02538},
 primaryClass = {astro-ph.GA},
       adsurl = {https://ui.adsabs.harvard.edu/abs/2018MNRAS.481..286L},
      adsnote = {Provided by the SAO/NASA Astrophysics Data System}
}

@BOOK{BT,
   author = {{Binney}, J. and {Tremaine}, S.},
    title = "{Galactic Dynamics: Second Edition}",
booktitle = {Galactic Dynamics: Second Edition, by James Binney and Scott Tremaine.~ISBN 978-0-691-13026-2 (HB).~Published by Princeton University Press, Princeton, NJ USA, 2008.},
     year = 2008,
publisher = {Princeton University Press},
   adsurl = {http://adsabs.harvard.edu/abs/2008gady.book.....B},
  adsnote = {Provided by the SAO/NASA Astrophysics Data System}
}

@Book{ThorntonAndMarion,
author = {Stephen T. Thornton and Jerry B. Marion},
editor = {Julie M. DeSilva},
title = {"Classical Dynamics of Particles and Systems"},
publisher = {"Cengage Learning"},
year = {2008},
edition = {5},
}

@ARTICLE{bergemann_2018,
   author = {{Bergemann}, M. and {Sesar}, B. and {Cohen}, J.~G. and {Serenelli}, A.~M. and 
	{Sheffield}, A. and {Li}, T.~S. and {Casagrande}, L. and {Johnston}, K.~V. and 
	{Laporte}, C.~F.~P. and {Price-Whelan}, A.~M. and {Sch{\"o}nrich}, R. and 
	{Gould}, A.},
    title = "{Two chemically similar stellar overdensities on opposite sides of the plane of the Galactic disk}",
  journal = {\nat},
archivePrefix = "arXiv",
   eprint = {1803.00563},
     year = 2018,
    month = mar,
   volume = 555,
    pages = {334-337},
      doi = {10.1038/nature25490},
   adsurl = {http://adsabs.harvard.edu/abs/2018Natur.555..334B},
  adsnote = {Provided by the SAO/NASA Astrophysics Data System}
}

@ARTICLE{mcmillan_dehnen_2007,
       author = {{McMillan}, Paul J. and {Dehnen}, Walter},
        title = "{Initial conditions for disc galaxies}",
      journal = {\mnras},
     keywords = {methods: N-body simulations, galaxies: haloes, galaxies: kinematics and dynamics, Astrophysics},
         year = "2007",
        month = "Jun",
       volume = {378},
        pages = {541-550},
          doi = {10.1111/j.1365-2966.2007.11753.x},
archivePrefix = {arXiv},
       eprint = {astro-ph/0703534},
 primaryClass = {astro-ph},
       adsurl = {https://ui.adsabs.harvard.edu/abs/2007MNRAS.378..541M},
      adsnote = {Provided by the SAO/NASA Astrophysics Data System}
}



@ARTICLE{sellwood_1998,
       author = {{Sellwood}, J.~A. and {Nelson}, Robert W. and {Tremaine}, Scott},
        title = "{Resonant Thickening of Disks by Small Satellite Galaxies}",
      journal = {\apj},
     keywords = {GALAXIES: EVOLUTION, GALAXIES: INTERACTIONS, GALAXIES: KINEMATICS AND DYNAMICS, GALAXIES: STRUCTURE, Galaxies: Evolution, Galaxies: Interactions, Galaxies: Kinematics and Dynamics, Galaxies: Structure, Astrophysics},
         year = "1998",
        month = "Oct",
       volume = {506},
        pages = {590-599},
          doi = {10.1086/306280},
archivePrefix = {arXiv},
       eprint = {astro-ph/9805145},
 primaryClass = {astro-ph},
       adsurl = {https://ui.adsabs.harvard.edu/abs/1998ApJ...506..590S},
      adsnote = {Provided by the SAO/NASA Astrophysics Data System}
}


@ARTICLE{toth_ostriker_1992,
       author = {{Toth}, G. and {Ostriker}, J.~P.},
        title = "{Galactic Disks, Infall, and the Global Value of Omega}",
      journal = {\apj},
     keywords = {Astronomical Models, Cosmology, Galactic Structure, Milky Way Galaxy, Spiral Galaxies, Accretion Disks, Circular Orbits, Dark Matter, Galactic Evolution, Halos, Astrophysics, COSMOLOGY: OBSERVATIONS, GALAXIES: KINEMATICS AND DYNAMICS, GALAXY: STRUCTURE},
         year = "1992",
        month = "Apr",
       volume = {389},
        pages = {5},
          doi = {10.1086/171185},
       adsurl = {https://ui.adsabs.harvard.edu/abs/1992ApJ...389....5T},
      adsnote = {Provided by the SAO/NASA Astrophysics Data System}
}



@ARTICLE{lacey_ostriker_1985,
       author = {{Lacey}, C.~G. and {Ostriker}, J.~P.},
        title = "{Massive black holes in galactic halos ?}",
      journal = {\apj},
     keywords = {Black Holes (Astronomy), Galactic Structure, Star Distribution, Brightness Distribution, Chronology, Dark Matter, Dwarf Galaxies, Ellipsoids, Gravitational Lenses, Radii, Stellar Motions, Velocity Distribution, Astrophysics},
         year = "1985",
        month = "Dec",
       volume = {299},
        pages = {633-652},
          doi = {10.1086/163729},
       adsurl = {https://ui.adsabs.harvard.edu/abs/1985ApJ...299..633L},
      adsnote = {Provided by the SAO/NASA Astrophysics Data System}
}


@ARTICLE{debattista_sellwood_2000,
   author = {{Debattista}, V.~P. and {Sellwood}, J.~A.},
    title = "{Constraints from Dynamical Friction on the Dark Matter Content of Barred Galaxies}",
  journal = {\apj},
   eprint = {astro-ph/0006275},
 keywords = {Galaxies: Evolution, Galaxies: Halos, Galaxies: Kinematics and Dynamics, Galaxy: Halo, Galaxy: Structure},
     year = 2000,
    month = nov,
   volume = 543,
    pages = {704-721},
      doi = {10.1086/317148},
   adsurl = {http://adsabs.harvard.edu/abs/2000ApJ...543..704D},
  adsnote = {Provided by the SAO/NASA Astrophysics Data System}
}



@ARTICLE{purcell2011,
   author = {{Purcell}, C.~W. and {Bullock}, J.~S. and {Tollerud}, E.~J. and 
	{Rocha}, M. and {Chakrabarti}, S.},
    title = "{The Sagittarius impact as an architect of spirality and outer rings in the Milky Way}",
  journal = {\nat},
archivePrefix = "arXiv",
   eprint = {1109.2918},
 primaryClass = "astro-ph.GA",
     year = 2011,
    month = sep,
   volume = 477,
    pages = {301-303},
      doi = {10.1038/nature10417},
   adsurl = {http://adsabs.harvard.edu/abs/2011Natur.477..301P},
  adsnote = {Provided by the SAO/NASA Astrophysics Data System}
}


@ARTICLE{kazantzidis2008,
   author = {{Kazantzidis}, S. and {Bullock}, J.~S. and {Zentner}, A.~R. and 
	{Kravtsov}, A.~V. and {Moustakas}, L.~A.},
    title = "{Cold Dark Matter Substructure and Galactic Disks. I. Morphological Signatures of Hierarchical Satellite Accretion}",
  journal = {\apj},
archivePrefix = "arXiv",
   eprint = {0708.1949},
 keywords = {cosmology: theory, dark matter, galaxies: formation, galaxies: kinematics and dynamics, galaxies: structure, methods: numerical},
     year = 2008,
    month = nov,
   volume = 688,
      eid = {254-276},
    pages = {254-276},
      doi = {10.1086/591958},
   adsurl = {http://adsabs.harvard.edu/abs/2008ApJ...688..254K},
  adsnote = {Provided by the SAO/NASA Astrophysics Data System}
}

@ARTICLE{gauthier2006,
   author = {{Gauthier}, J.-R. and {Dubinski}, J. and {Widrow}, L.~M.},
    title = "{Substructure around M31: Evolution and Effects}",
  journal = {\apj},
   eprint = {astro-ph/0606015},
 keywords = {Cosmology: Miscellaneous, Galaxies: Interactions, Methods: n-Body Simulations},
     year = 2006,
    month = dec,
   volume = 653,
    pages = {1180-1193},
      doi = {10.1086/508860},
   adsurl = {http://adsabs.harvard.edu/abs/2006ApJ...653.1180G},
  adsnote = {Provided by the SAO/NASA Astrophysics Data System}
}

@ARTICLE{Klypin2009,
   author = {{Klypin}, A. and {Valenzuela}, O. and {Col{\'{\i}}n}, P. and 
	{Quinn}, T.},
    title = "{Dynamics of barred galaxies: effects of disc height}",
  journal = {\mnras},
archivePrefix = "arXiv",
   eprint = {0808.3422},
 keywords = {methods: N-body simulations , galaxies: evolution , galaxies: haloes , galaxies: kinematics and dynamics},
     year = 2009,
    month = sep,
   volume = 398,
    pages = {1027-1040},
      doi = {10.1111/j.1365-2966.2009.15187.x},
   adsurl = {http://adsabs.harvard.edu/abs/2009MNRAS.398.1027K},
  adsnote = {Provided by the SAO/NASA Astrophysics Data System}
}


@INBOOK{Sellwood2013,
   author = {{Sellwood}, J.~A.},
    title = "{Dynamics of Disks and Warps}",
 keywords = {Physics},
booktitle = {Planets, Stars and Stellar Systems.~Volume 5: Galactic Structure and Stellar Populations},
     year = 2013,
   editor = {{Oswalt}, T.~D. and {Gilmore}, G.},
    pages = {923},
      doi = {10.1007/978-94-007-5612-0_18},
   adsurl = {http://adsabs.harvard.edu/abs/2013pss5.book..923S},
  adsnote = {Provided by the SAO/NASA Astrophysics Data System}
}

@ARTICLE{ChristodoulouStability1995,
   author = {{Christodoulou}, D.~M. and {Shlosman}, I. and {Tohline}, J.~E.
	},
    title = "{A new criterion for bar-forming instability in rapidly rotating gaseous and stellar systems. 2: Nonaxisymmetric form}",
  journal = {\apj},
   eprint = {astro-ph/9502074},
 keywords = {Astronomical Models, Galactic Evolution, Galactic Structure, Hydrodynamics, Interstellar Gas, Rotation, Stability, Stellar Systems, Ellipsoids, Gravitation, Kinetic Energy, Rotating Cylinders, Rotating Disks, Star Formation, Symmetry},
     year = 1995,
    month = apr,
   volume = 443,
    pages = {563-569},
      doi = {10.1086/175548},
   adsurl = {http://adsabs.harvard.edu/abs/1995ApJ...443..563C},
  adsnote = {Provided by the SAO/NASA Astrophysics Data System}
}


@ARTICLE{AthanassoulaSellwood1986,
   author = {{Athanassoula}, E. and {Sellwood}, J.~A.},
    title = "{Bi-symmetric instabilities of the Kuz'min/Toomre disc}",
  journal = {\mnras},
 keywords = {Motion Stability, Star Formation, Stellar Models, Stellar Motions, Disk Galaxies, Random Processes, Spiral Galaxies, Stellar Envelopes, Stellar Mass},
     year = 1986,
    month = jul,
   volume = 221,
    pages = {213-232},
      doi = {10.1093/mnras/221.2.213},
   adsurl = {http://adsabs.harvard.edu/abs/1986MNRAS.221..213A},
  adsnote = {Provided by the SAO/NASA Astrophysics Data System}
}


@ARTICLE{EfstathiouShotNoise,
   author = {{Efstathiou}, G. and {Lake}, G. and {Negroponte}, J.},
    title = "{The stability and masses of disc galaxies}",
  journal = {\mnras},
 keywords = {Astronomical Models, Disk Galaxies, Dynamic Stability, Galactic Evolution, Mass, Astronomical Photometry, Density Distribution, Galactic Rotation, Mass To Light Ratios},
     year = 1982,
    month = jun,
   volume = 199,
    pages = {1069-1088},
      doi = {10.1093/mnras/199.4.1069},
   adsurl = {http://adsabs.harvard.edu/abs/1982MNRAS.199.1069E},
  adsnote = {Provided by the SAO/NASA Astrophysics Data System}
}


@ARTICLE{KGGalactICSReference,
   author = {{Kuijken}, K. and {Gilmore}, G.},
    title = "{The mass distribution in the galactic disc. I - A technique to determine the integral surface mass density of the disc near the sun.}",
  journal = {\mnras},
 keywords = {Computational Astrophysics, Density (Mass/Volume), Mass Distribution, Milky Way Galaxy, Sky Surveys (Astronomy), Solar Neighborhood, Disk Galaxies, F Stars, Galactic Mass, Gravitational Fields, K Stars, Southern Sky, Star Distribution},
     year = 1989,
    month = aug,
   volume = 239,
    pages = {571-603},
      doi = {10.1093/mnras/239.2.571},
   adsurl = {http://adsabs.harvard.edu/abs/1989MNRAS.239..571K},
  adsnote = {Provided by the SAO/NASA Astrophysics Data System}
}


@ARTICLE{WPDGalactICSReference,
   author = {{Widrow}, L.~M. and {Pym}, B. and {Dubinski}, J.},
    title = "{Dynamical Blueprints for Galaxies}",
  journal = {\apj},
archivePrefix = "arXiv",
   eprint = {0801.3414},
 keywords = {dark matter, Galaxy: kinematics and dynamics, methods: N-body simulations, methods: statistical},
     year = 2008,
    month = jun,
   volume = 679,
      eid = {1239-1259},
    pages = {1239-1259},
      doi = {10.1086/587636},
   adsurl = {http://adsabs.harvard.edu/abs/2008ApJ...679.1239W},
  adsnote = {Provided by the SAO/NASA Astrophysics Data System}
}
@ARTICLE{DubinskiKuijkenRigidDisks,
   author = {{Dubinski}, J. and {Kuijken}, K.},
    title = "{The settling of warped disks in oblate dark halos}",
  journal = {\apj},
   eprint = {astro-ph/9404003},
 keywords = {Astronomical Models, Bending, Galactic Bulge, Galactic Evolution, Galactic Halos, Galactic Structure, Rotating Disks, Spiral Galaxies, Dynamic Characteristics, Gravitational Effects, Mathematical Models, Precession, Torque},
     year = 1995,
    month = apr,
   volume = 442,
    pages = {492-503},
      doi = {10.1086/175456},
   adsurl = {http://adsabs.harvard.edu/abs/1995ApJ...442..492D},
  adsnote = {Provided by the SAO/NASA Astrophysics Data System}
}

@MISC{music,
   author = {{Hahn}, O. and {Abel}, T.},
    title = "{MUSIC: MUlti-Scale Initial Conditions}",
 keywords = {Software},
howpublished = {Astrophysics Source Code Library},
     year = 2013,
    month = nov,
archivePrefix = "ascl",
   eprint = {1311.011},
   adsurl = {http://adsabs.harvard.edu/abs/2013ascl.soft11011H},
  adsnote = {Provided by the SAO/NASA Astrophysics Data System}
}

@ARTICLE{planck_2014,
   author = {{Planck Collaboration} and {Ade}, P.~A.~R. and {Aghanim}, N. and 
	{Armitage-Caplan}, C. and {Arnaud}, M. and {Ashdown}, M. and 
	{Atrio-Barandela}, F. and {Aumont}, J. and {Baccigalupi}, C. and 
	{Banday}, A.~J. and et al.},
    title = "{Planck 2013 results. XVI. Cosmological parameters}",
  journal = {\aap},
archivePrefix = "arXiv",
   eprint = {1303.5076},
 keywords = {cosmic background radiation, cosmological parameters, early Universe, inflation, primordial nucleosynthesis},
     year = 2014,
    month = nov,
   volume = 571,
      eid = {A16},
    pages = {A16},
      doi = {10.1051/0004-6361/201321591},
   adsurl = {http://adsabs.harvard.edu/abs/2014A26A...571A..16P},
  adsnote = {Provided by the SAO/NASA Astrophysics Data System}
}



@ARTICLE{onorbe_etal_2014,
   author = {{O{\~n}orbe}, J. and {Garrison-Kimmel}, S. and {Maller}, A.~H. and 
	{Bullock}, J.~S. and {Rocha}, M. and {Hahn}, O.},
    title = "{How to zoom: bias, contamination and Lagrange volumes in multimass cosmological simulations}",
  journal = {\mnras},
archivePrefix = "arXiv",
   eprint = {1305.6923},
 keywords = {methods: numerical, galaxies: formation, galaxies: haloes, cosmology: theory},
     year = 2014,
    month = jan,
   volume = 437,
    pages = {1894-1908},
      doi = {10.1093/mnras/stt2020},
   adsurl = {http://adsabs.harvard.edu/abs/2014MNRAS.437.1894O},
  adsnote = {Provided by the SAO/NASA Astrophysics Data System}
}
@ARTICLE{NavarroWhiteZoom,
   author = {{Navarro}, J.~F. and {Frenk}, C.~S. and {White}, S.~D.~M.},
    title = "{Accretion of Satellite Galaxies and the Density of the Universe}",
  journal = {\mnras},
     year = 1994,
    month = mar,
   volume = 267,
    pages = {L1},
      doi = {10.1093/mnras/267.1.L1},
   adsurl = {http://adsabs.harvard.edu/abs/1994MNRAS.267L...1N},
  adsnote = {Provided by the SAO/NASA Astrophysics Data System}
}

@ARTICLE{KatzQuasarZoom,
   author = {{Katz}, N. and {Quinn}, T. and {Bertschinger}, E. and {Gelb}, J.~M.
	},
    title = "{Formation of Quasars at High Redshift}",
  journal = {\mnras},
     year = 1994,
    month = oct,
   volume = 270,
    pages = {L71},
      doi = {10.1093/mnras/270.1.L71},
   adsurl = {http://adsabs.harvard.edu/abs/1994MNRAS.270L..71K},
  adsnote = {Provided by the SAO/NASA Astrophysics Data System}
}

@ARTICLE{BerentzenShlosmanStellarDisks,
   author = {{Berentzen}, I. and {Shlosman}, I.},
    title = "{Growing Live Disks within Cosmologically Assembling Asymmetric Halos: Washing Out the Halo Prolateness}",
  journal = {\apj},
   eprint = {astro-ph/0603487},
 keywords = {Cosmology: Dark Matter, Galaxies: Evolution, Galaxies: Formation, Galaxies: Halos, Galaxies: Kinematics and Dynamics, Galaxies: Structure},
     year = 2006,
    month = sep,
   volume = 648,
    pages = {807-819},
      doi = {10.1086/506016},
   adsurl = {http://adsabs.harvard.edu/abs/2006ApJ...648..807B},
  adsnote = {Provided by the SAO/NASA Astrophysics Data System}
}

@ARTICLE{laporte_2019_feathers,
       author = {{Laporte}, Chervin F.~P. and {Johnston}, Kathryn V. and
         {Tzanidakis}, Anastasios},
        title = "{Stellar disc streams as probes of the Galactic potential and satellite impacts}",
      journal = {\mnras},
     keywords = {Galaxy: disc, Galaxy: evolution, Galaxy: formation, Galaxy: kinematics and dynamics, Galaxy: structure, Astrophysics - Astrophysics of Galaxies},
         year = "2019",
        month = "Feb",
       volume = {483},
        pages = {1427-1436},
          doi = {10.1093/mnras/sty2362},
archivePrefix = {arXiv},
       eprint = {1803.11198},
 primaryClass = {astro-ph.GA},
       adsurl = {https://ui.adsabs.harvard.edu/\#abs/2019MNRAS.483.1427L},
      adsnote = {Provided by the SAO/NASA Astrophysics Data System}
}
@ARTICLE{bauer2018a,
       author = {{Bauer}, Jacob S. and {Widrow}, Lawrence M. and {Erkal}, Denis},
        title = "{Disc-halo interactions in {\ensuremath{\Lambda}}CDM}",
      journal = {\mnras},
     keywords = {methods: numerical, galaxies: formation, galaxies: kinematics and
        dynamics, cosmology: theory, Astrophysics - Astrophysics of
        Galaxies},
         year = 2018,
        month = May,
       volume = {476},
        pages = {198-209},
          doi = {10.1093/mnras/sty120},
 primaryClass = {astro-ph.GA},
       adsurl = {https://ui.adsabs.harvard.edu/#abs/2018MNRAS.476..198B},
      adsnote = {Provided by the SAO/NASA Astrophysics Data System}
}

@ARTICLE{bauer2018b,
       author = {{Bauer}, Jacob S. and {Widrow}, Lawrence M.},
        title = "{Can Stellar Discs in a Cosmological Setting Avoid Forming Strong Bars?}",
      journal = {ArXiv e-prints},
     keywords = {Astrophysics - Astrophysics of Galaxies},
         year = 2018,
        month = Aug,
          eid = {arXiv:1809.00090},
        pages = {arXiv:1809.00090},
archivePrefix = {arXiv},
       eprint = {1809.00090},
 primaryClass = {astro-ph.GA},
       adsurl = {https://ui.adsabs.harvard.edu/#abs/2018arXiv180900090B},
      adsnote = {Provided by the SAO/NASA Astrophysics Data System}
}


@ARTICLE{widrow_2012_sdss,
   author = {{Widrow}, L.~M. and {Gardner}, S. and {Yanny}, B. and {Dodelson}, S. and 
	{Chen}, H.-Y.},
    title = "{Galactoseismology: Discovery of Vertical Waves in the Galactic Disk}",
  journal = {\apjl},
archivePrefix = "arXiv",
   eprint = {1203.6861},
 keywords = {Galaxy: kinematics and dynamics, solar neighborhood},
     year = 2012,
    month = may,
   volume = 750,
      eid = {L41},
    pages = {L41},
      doi = {10.1088/2041-8205/750/2/L41},
   adsurl = {http://adsabs.harvard.edu/abs/2012ApJ...750L..41W},
  adsnote = {Provided by the SAO/NASA Astrophysics Data System}
}



@ARTICLE{carlin_2013_lamost,
   author = {{Carlin}, J.~L. and {DeLaunay}, J. and {Newberg}, H.~J. and 
	{Deng}, L. and {Gole}, D. and {Grabowski}, K. and {Jin}, G. and 
	{Liu}, C. and {Liu}, X. and {Luo}, A.-L. and {Yuan}, H. and 
	{Zhang}, H. and {Zhao}, G. and {Zhao}, Y.},
    title = "{Substructure in Bulk Velocities of Milky Way Disk Stars}",
  journal = {\apjl},
archivePrefix = "arXiv",
   eprint = {1309.6314},
 keywords = {Galaxy: disk, Galaxy: kinematics and dynamics, Galaxy: stellar content, Galaxy: structure, stars: kinematics and dynamics},
     year = 2013,
    month = nov,
   volume = 777,
      eid = {L5},
    pages = {L5},
      doi = {10.1088/2041-8205/777/1/L5},
   adsurl = {http://adsabs.harvard.edu/abs/2013ApJ...777L...5C},
  adsnote = {Provided by the SAO/NASA Astrophysics Data System}
}


@ARTICLE{williams_2013_rave,
   author = {{Williams}, M.~E.~K. and {Steinmetz}, M. and {Binney}, J. and 
	{Siebert}, A. and {Enke}, H. and {Famaey}, B. and {Minchev}, I. and 
	{de Jong}, R.~S. and {Boeche}, C. and {Freeman}, K.~C. and {Bienaym{\'e}}, O. and 
	{Bland-Hawthorn}, J. and {Gibson}, B.~K. and {Gilmore}, G.~F. and 
	{Grebel}, E.~K. and {Helmi}, A. and {Kordopatis}, G. and {Munari}, U. and 
	{Navarro}, J.~F. and {Parker}, Q.~A. and {Reid}, W. and {Seabroke}, G.~M. and 
	{Sharma}, S. and {Siviero}, A. and {Watson}, F.~G. and {Wyse}, R.~F.~G. and 
	{Zwitter}, T.},
    title = "{The wobbly Galaxy: kinematics north and south with RAVE red-clump giants}",
  journal = {\mnras},
archivePrefix = "arXiv",
   eprint = {1302.2468},
 keywords = {Galaxy: kinematics and dynamics, solar neighbourhood, Galaxy: structure},
     year = 2013,
    month = nov,
   volume = 436,
    pages = {101-121},
      doi = {10.1093/mnras/stt1522},
   adsurl = {http://adsabs.harvard.edu/abs/2013MNRAS.436..101W},
  adsnote = {Provided by the SAO/NASA Astrophysics Data System}
}


@ARTICLE{bennet_2019_gaia,
   author = {{Bennett}, M. and {Bovy}, J.},
    title = "{Vertical waves in the solar neighbourhood in Gaia DR2}",
  journal = {\mnras},
archivePrefix = "arXiv",
   eprint = {1809.03507},
 keywords = {instabilities, Galaxy: disc, Galaxy: fundamental parameters, Galaxy: kinematics and dynamics, solar neighbourhood, Galaxy: structure},
     year = 2019,
    month = jan,
   volume = 482,
    pages = {1417-1425},
      doi = {10.1093/mnras/sty2813},
   adsurl = {http://adsabs.harvard.edu/abs/2019MNRAS.482.1417B},
  adsnote = {Provided by the SAO/NASA Astrophysics Data System}
}

@ARTICLE{gaia_collab,
   author = {{Gaia Collaboration} and {Katz}, D. and {Antoja}, T. and {Romero-G{\'o}mez}, M. and 
	{Drimmel}, R. and {Reyl{\'e}}, C. and {Seabroke}, G.~M. and 
	{Soubiran}, C. and {Babusiaux}, C. and {Di Matteo}, P. and et al.},
    title = "{Gaia Data Release 2. Mapping the Milky Way disc kinematics}",
  journal = {\aap},
archivePrefix = "arXiv",
   eprint = {1804.09380},
 keywords = {Galaxy: kinematics and dynamics - Galaxy: disk - solar neighborhood},
     year = 2018,
    month = aug,
   volume = 616,
      eid = {A11},
    pages = {A11},
      doi = {10.1051/0004-6361/201832865},
   adsurl = {http://adsabs.harvard.edu/abs/2018A%26A...616A..11G},
  adsnote = {Provided by the SAO/NASA Astrophysics Data System}
}

@ARTICLE{carrillo_2018_rave,
   author = {{Carrillo}, I. and {Minchev}, I. and {Kordopatis}, G. and {Steinmetz}, M. and 
	{Binney}, J. and {Anders}, F. and {Bienaym{\'e}}, O. and {Bland-Hawthorn}, J. and 
	{Famaey}, B. and {Freeman}, K.~C. and {Gilmore}, G. and {Gibson}, B.~K. and 
	{Grebel}, E.~K. and {Helmi}, A. and {Just}, A. and {Kunder}, A. and 
	{McMillan}, P. and {Monari}, G. and {Munari}, U. and {Navarro}, J. and 
	{Parker}, Q.~A. and {Reid}, W. and {Seabroke}, G. and {Sharma}, S. and 
	{Siebert}, A. and {Watson}, F. and {Wojno}, J. and {Wyse}, R.~F.~G. and 
	{Zwitter}, T.},
    title = "{Is the Milky Way still breathing? RAVE-Gaia streaming motions}",
  journal = {\mnras},
archivePrefix = "arXiv",
   eprint = {1710.03763},
 keywords = {Galaxy: disc, Galaxy: kinematics and dynamics, Galaxy: structure},
     year = 2018,
    month = apr,
   volume = 475,
    pages = {2679-2696},
      doi = {10.1093/mnras/stx3342},
   adsurl = {http://adsabs.harvard.edu/abs/2018MNRAS.475.2679C},
  adsnote = {Provided by the SAO/NASA Astrophysics Data System}
}


@ARTICLE{mcconnachie_2006_m33,
   author = {{McConnachie}, A.~W. and {Chapman}, S.~C. and {Ibata}, R.~A. and 
	{Ferguson}, A.~M.~N. and {Irwin}, M.~J. and {Lewis}, G.~F. and 
	{Tanvir}, N.~R. and {Martin}, N.},
    title = "{The Stellar Halo and Outer Disk of M33}",
  journal = {\apjl},
   eprint = {astro-ph/0606728},
 keywords = {Galaxies: Individual: Messier Number: M33, Galaxies: Stellar Content, Galaxies: Structure, Galaxies: Local Group},
     year = 2006,
    month = aug,
   volume = 647,
    pages = {L25-L28},
      doi = {10.1086/507299},
   adsurl = {http://adsabs.harvard.edu/abs/2006ApJ...647L..25M},
  adsnote = {Provided by the SAO/NASA Astrophysics Data System}
}



@ARTICLE{mcconnachie_2010_m33,
   author = {{McConnachie}, A.~W. and {Ferguson}, A.~M.~N. and {Irwin}, M.~J. and 
	{Dubinski}, J. and {Widrow}, L.~M. and {Dotter}, A. and {Ibata}, R. and 
	{Lewis}, G.~F.},
    title = "{The Photometric Properties of a Vast Stellar Substructure in the Outskirts of M33}",
  journal = {\apj},
archivePrefix = "arXiv",
   eprint = {1009.2804},
 keywords = {galaxies: halos, galaxies: individual: M33 M31, galaxies: interactions, galaxies: structure, Local Group},
     year = 2010,
    month = nov,
   volume = 723,
    pages = {1038-1052},
      doi = {10.1088/0004-637X/723/2/1038},
   adsurl = {http://adsabs.harvard.edu/abs/2010ApJ...723.1038M},
  adsnote = {Provided by the SAO/NASA Astrophysics Data System}
}

@ARTICLE{dorman_2013_m31,
   author = {{Dorman}, C.~E. and {Widrow}, L.~M. and {Guhathakurta}, P. and 
	{Seth}, A.~C. and {Foreman-Mackey}, D. and {Bell}, E.~F. and 
	{Dalcanton}, J.~J. and {Gilbert}, K.~M. and {Skillman}, E.~D. and 
	{Williams}, B.~F.},
    title = "{A New Approach to Detailed Structural Decomposition from the SPLASH and PHAT Surveys: Kicked-up Disk Stars in the Andromeda Galaxy?}",
  journal = {\apj},
archivePrefix = "arXiv",
   eprint = {1310.4179},
 keywords = {galaxies: kinematics and dynamics, galaxies: spiral, galaxies: structure, Local Group },
     year = 2013,
    month = dec,
   volume = 779,
      eid = {103},
    pages = {103},
      doi = {10.1088/0004-637X/779/2/103},
   adsurl = {http://adsabs.harvard.edu/abs/2013ApJ...779..103D},
  adsnote = {Provided by the SAO/NASA Astrophysics Data System}
}

@ARTICLE{bernard_2015_m31,
   author = {{Bernard}, E.~J. and {Ferguson}, A.~M.~N. and {Richardson}, J.~C. and 
	{Irwin}, M.~J. and {Barker}, M.~K. and {Hidalgo}, S.~L. and 
	{Aparicio}, A. and {Chapman}, S.~C. and {Ibata}, R.~A. and {Lewis}, G.~F. and 
	{McConnachie}, A.~W. and {Tanvir}, N.~R.},
    title = "{The nature and origin of substructure in the outskirts of M31 - II. Detailed star formation histories}",
  journal = {\mnras},
archivePrefix = "arXiv",
   eprint = {1406.2247},
 keywords = {galaxies: evolution, galaxies: formation, galaxies: haloes, galaxies: individual: M31, Local Group, galaxies: stellar content},
     year = 2015,
    month = jan,
   volume = 446,
    pages = {2789-2801},
      doi = {10.1093/mnras/stu2309},
   adsurl = {http://adsabs.harvard.edu/abs/2015MNRAS.446.2789B},
  adsnote = {Provided by the SAO/NASA Astrophysics Data System}
}

@ARTICLE{richardson_2008_m31,
   author = {{Richardson}, J.~C. and {Ferguson}, A.~M.~N. and {Johnson}, R.~A. and 
	{Irwin}, M.~J. and {Tanvir}, N.~R. and {Faria}, D.~C. and {Ibata}, R.~A. and 
	{Johnston}, K.~V. and {Lewis}, G.~F. and {McConnachie}, A.~W. and 
	{Chapman}, S.~C.},
    title = "{The Nature and Origin of Substructure in the Outskirts of M31. I. Surveying the Stellar Content with the Hubble Space Telescope Advanced Camera for Surveys}",
  journal = {\aj},
archivePrefix = "arXiv",
   eprint = {0803.2614},
 keywords = {galaxies: evolution, galaxies: formation, galaxies: halos, galaxies: individual: M31, galaxies: stellar content, galaxies: structure},
     year = 2008,
    month = jun,
   volume = 135,
    pages = {1998-2012},
      doi = {10.1088/0004-6256/135/6/1998},
   adsurl = {http://adsabs.harvard.edu/abs/2008AJ....135.1998R},
  adsnote = {Provided by the SAO/NASA Astrophysics Data System}
}

@ARTICLE{chequers_2017,
   author = {{Chequers}, M.~H. and {Widrow}, L.~M.},
    title = "{Spontaneous generation of bending waves in isolated Milky Way-like discs}",
  journal = {\mnras},
archivePrefix = "arXiv",
   eprint = {1708.06662},
 keywords = {Galaxy: disc, galaxies: evolution, galaxies: kinematics and dynamics, galaxies: structure},
     year = 2017,
    month = dec,
   volume = 472,
    pages = {2751-2763},
      doi = {10.1093/mnras/stx2165},
   adsurl = {http://adsabs.harvard.edu/abs/2017MNRAS.472.2751C},
  adsnote = {Provided by the SAO/NASA Astrophysics Data System}
}

@ARTICLE{pearl_2017,
   author = {{Pearl}, A.~N. and {Newberg}, H.~J. and {Carlin}, J.~L. and 
	{Smith}, R.~F.},
    title = "{A Map of the Local Velocity Substructure in the Milky Way Disk}",
  journal = {\apj},
archivePrefix = "arXiv",
   eprint = {1708.03672},
 keywords = {astrometry, Galaxy: disk, Galaxy: kinematics and dynamics, Galaxy: structure, stars: kinematics and dynamics},
     year = 2017,
    month = oct,
   volume = 847,
      eid = {123},
    pages = {123},
      doi = {10.3847/1538-4357/aa8623},
   adsurl = {http://adsabs.harvard.edu/abs/2017ApJ...847..123P},
  adsnote = {Provided by the SAO/NASA Astrophysics Data System}
}



@ARTICLE{xu_2015,
   author = {{Xu}, Y. and {Newberg}, H.~J. and {Carlin}, J.~L. and {Liu}, C. and 
	{Deng}, L. and {Li}, J. and {Sch{\"o}nrich}, R. and {Yanny}, B.
	},
    title = "{Rings and Radial Waves in the Disk of the Milky Way}",
  journal = {\apj},
archivePrefix = "arXiv",
   eprint = {1503.00257},
 keywords = {Galaxy: disk, Galaxy: kinematics and dynamics, Galaxy: structure},
     year = 2015,
    month = mar,
   volume = 801,
      eid = {105},
    pages = {105},
      doi = {10.1088/0004-637X/801/2/105},
   adsurl = {http://adsabs.harvard.edu/abs/2015ApJ...801..105X},
  adsnote = {Provided by the SAO/NASA Astrophysics Data System}
}



@ARTICLE{newberg_2002,
   author = {{Newberg}, H.~J. and {Yanny}, B. and {Rockosi}, C. and {Grebel}, E.~K. and 
	{Rix}, H.-W. and {Brinkmann}, J. and {Csabai}, I. and {Hennessy}, G. and 
	{Hindsley}, R.~B. and {Ibata}, R. and {Ivezi{\'c}}, Z. and {Lamb}, D. and 
	{Nash}, E.~T. and {Odenkirchen}, M. and {Rave}, H.~A. and {Schneider}, D.~P. and 
	{Smith}, J.~A. and {Stolte}, A. and {York}, D.~G.},
    title = "{The Ghost of Sagittarius and Lumps in the Halo of the Milky Way}",
  journal = {\apj},
   eprint = {astro-ph/0111095},
 keywords = {Galaxy: Halo, Galaxy: Structure},
     year = 2002,
    month = apr,
   volume = 569,
    pages = {245-274},
      doi = {10.1086/338983},
   adsurl = {http://adsabs.harvard.edu/abs/2002ApJ...569..245N},
  adsnote = {Provided by the SAO/NASA Astrophysics Data System}
}

@ARTICLE{yanny_2003,
   author = {{Yanny}, B. and {Newberg}, H.~J. and {Grebel}, E.~K. and {Kent}, S. and 
	{Odenkirchen}, M. and {Rockosi}, C.~M. and {Schlegel}, D. and 
	{Subbarao}, M. and {Brinkmann}, J. and {Fukugita}, M. and {Ivezic}, {\v Z}. and 
	{Lamb}, D.~Q. and {Schneider}, D.~P. and {York}, D.~G.},
    title = "{A Low-Latitude Halo Stream around the Milky Way}",
  journal = {\apj},
   eprint = {astro-ph/0301029},
 keywords = {Galaxy: Halo, Galaxy: Structure},
     year = 2003,
    month = may,
   volume = 588,
    pages = {824-841},
      doi = {10.1086/374220},
   adsurl = {http://adsabs.harvard.edu/abs/2003ApJ...588..824Y},
  adsnote = {Provided by the SAO/NASA Astrophysics Data System}
}


@ARTICLE{crane_2003,
   author = {{Crane}, J.~D. and {Majewski}, S.~R. and {Rocha-Pinto}, H.~J. and 
	{Frinchaboy}, P.~M. and {Skrutskie}, M.~F. and {Law}, D.~R.},
    title = "{Exploring Halo Substructure with Giant Stars: Spectroscopy of Stars in the Galactic Anticenter Stellar Structure}",
  journal = {\apjl},
   eprint = {astro-ph/0307505},
 keywords = {Galaxies: Interactions, Galaxy: Disk, Galaxy: Structure},
     year = 2003,
    month = sep,
   volume = 594,
    pages = {L119-L122},
      doi = {10.1086/378767},
   adsurl = {http://adsabs.harvard.edu/abs/2003ApJ...594L.119C},
  adsnote = {Provided by the SAO/NASA Astrophysics Data System}
}


@ARTICLE{rocha-pinto_2003,
   author = {{Rocha-Pinto}, H.~J. and {Majewski}, S.~R. and {Skrutskie}, M.~F. and 
	{Crane}, J.~D.},
    title = "{Tracing the Galactic Anticenter Stellar Stream with 2MASS M Giants}",
  journal = {\apjl},
 keywords = {Galaxies: Interactions, Galaxy: Disk, Galaxy: Structure},
     year = 2003,
    month = sep,
   volume = 594,
    pages = {L115-L118},
      doi = {10.1086/378668},
   adsurl = {http://adsabs.harvard.edu/abs/2003ApJ...594L.115R},
  adsnote = {Provided by the SAO/NASA Astrophysics Data System}
}

@ARTICLE{monoceros_disk_origin,
   author = {{Sheffield}, A.~A. and {Price-Whelan}, A.~M. and {Tzanidakis}, A. and 
	{Johnston}, K.~V. and {Laporte}, C.~F.~P. and {Sesar}, B.},
    title = "{A Disk Origin for the Monoceros Ring and A13 Stellar Overdensities}",
  journal = {\apj},
archivePrefix = "arXiv",
   eprint = {1801.01171},
 keywords = {galaxies: interactions, Galaxy: disk, Galaxy: formation, Galaxy: halo, Galaxy: structure},
     year = 2018,
    month = feb,
   volume = 854,
      eid = {47},
    pages = {47},
      doi = {10.3847/1538-4357/aaa4b6},
   adsurl = {http://adsabs.harvard.edu/abs/2018ApJ...854...47S},
  adsnote = {Provided by the SAO/NASA Astrophysics Data System}
}

@ARTICLE{deason_2018,
   author = {{Deason}, A.~J. and {Belokurov}, V. and {Koposov}, S.~E.},
    title = "{Cresting the wave: proper motions of the Eastern Banded Structure}",
  journal = {\mnras},
archivePrefix = "arXiv",
   eprint = {1709.08633},
 keywords = {Galaxy: halo, Galaxy: kinematics and dynamics, Galaxy: structure},
     year = 2018,
    month = jan,
   volume = 473,
    pages = {2428-2433},
      doi = {10.1093/mnras/stx2528},
   adsurl = {http://adsabs.harvard.edu/abs/2018MNRAS.473.2428D},
  adsnote = {Provided by the SAO/NASA Astrophysics Data System}
}

@ARTICLE{johnston_kud_review,
   author = {{Johnston}, K.~V. and {Price-Whelan}, A.~M. and {Bergemann}, M. and 
	{Laporte}, C. and {Li}, T.~S. and {Sheffield}, A.~A. and {Majewski}, S.~R. and 
	{Beaton}, R.~S. and {Sesar}, B. and {Sharma}, S.},
    title = "{Disk Heating, Galactoseismology, and the Formation of Stellar Halos}",
  journal = {Galaxies},
archivePrefix = "arXiv",
   eprint = {1709.00491},
     year = 2017,
    month = aug,
   volume = 5,
    pages = {44},
      doi = {10.3390/galaxies5030044},
   adsurl = {http://adsabs.harvard.edu/abs/2017Galax...5...44J},
  adsnote = {Provided by the SAO/NASA Astrophysics Data System}
}


@ARTICLE{triand_discovery,
   author = {{Rocha-Pinto}, H.~J. and {Majewski}, S.~R. and {Skrutskie}, M.~F. and 
	{Crane}, J.~D. and {Patterson}, R.~J.},
    title = "{Exploring Halo Substructure with Giant Stars: A Diffuse Star Cloud or Tidal Debris around the Milky Way in Triangulum-Andromeda}",
  journal = {\apj},
   eprint = {astro-ph/0405437},
 keywords = {Galaxies: Interactions, Galaxy: Disk, Galaxy: Structure},
     year = 2004,
    month = nov,
   volume = 615,
    pages = {732-737},
      doi = {10.1086/424585},
   adsurl = {http://adsabs.harvard.edu/abs/2004ApJ...615..732R},
  adsnote = {Provided by the SAO/NASA Astrophysics Data System}
}


@ARTICLE{a13_discovery,
   author = {{Sharma}, S. and {Johnston}, K.~V. and {Majewski}, S.~R. and 
	{Mu{\~n}oz}, R.~R. and {Carlberg}, J.~K. and {Bullock}, J.},
    title = "{Group Finding in the Stellar Halo Using M-giants in the Two Micron All Sky Survey: An Extended View of the Pisces Overdensity?}",
  journal = {\apj},
archivePrefix = "arXiv",
   eprint = {1009.0924},
 keywords = {galaxies: halos, galaxies: structure, methods: data analysis, methods: numerical},
     year = 2010,
    month = oct,
   volume = 722,
    pages = {750-759},
      doi = {10.1088/0004-637X/722/1/750},
   adsurl = {http://adsabs.harvard.edu/abs/2010ApJ...722..750S},
  adsnote = {Provided by the SAO/NASA Astrophysics Data System}
}


@ARTICLE{toomre_q,
   author = {{Toomre}, A.},
    title = "{On the gravitational stability of a disk of stars}",
  journal = {\apj},
     year = 1964,
    month = may,
   volume = 139,
    pages = {1217-1238},
      doi = {10.1086/147861},
   adsurl = {http://adsabs.harvard.edu/abs/1964ApJ...139.1217T},
  adsnote = {Provided by the SAO/NASA Astrophysics Data System}
}


@ARTICLE{ibata_discovery,
   author = {{Ibata}, R.~A. and {Gilmore}, G. and {Irwin}, M.~J.},
    title = "{A dwarf satellite galaxy in Sagittarius}",
  journal = {\nat},
     year = 1994,
    month = jul,
   volume = 370,
    pages = {194-196},
      doi = {10.1038/370194a0},
   adsurl = {http://adsabs.harvard.edu/abs/1994Natur.370..194I},
  adsnote = {Provided by the SAO/NASA Astrophysics Data System}
}

@ARTICLE{gomez_2013,
   author = {{G{\'o}mez}, F.~A. and {Minchev}, I. and {O'Shea}, B.~W. and 
	{Beers}, T.~C. and {Bullock}, J.~S. and {Purcell}, C.~W.},
    title = "{Vertical density waves in the Milky Way disc induced by the Sagittarius dwarf galaxy}",
  journal = {\mnras},
archivePrefix = "arXiv",
   eprint = {1207.3083},
 keywords = {Galaxy: disc, Galaxy: structure, galaxies: formation, galaxies: kinematics and dynamics},
     year = 2013,
    month = feb,
   volume = 429,
    pages = {159-164},
      doi = {10.1093/mnras/sts327},
   adsurl = {http://adsabs.harvard.edu/abs/2013MNRAS.429..159G},
  adsnote = {Provided by the SAO/NASA Astrophysics Data System}
}

@ARTICLE{widrow_2014,
   author = {{Widrow}, L.~M. and {Barber}, J. and {Chequers}, M.~H. and {Cheng}, E.
	},
    title = "{Bending and breathing modes of the Galactic disc}",
  journal = {\mnras},
archivePrefix = "arXiv",
   eprint = {1404.4069},
 keywords = {Galaxy: kinematics and dynamics, solar neighbourhood, Galaxy: structure},
     year = 2014,
    month = may,
   volume = 440,
    pages = {1971-1981},
      doi = {10.1093/mnras/stu396},
   adsurl = {http://adsabs.harvard.edu/abs/2014MNRAS.440.1971W},
  adsnote = {Provided by the SAO/NASA Astrophysics Data System}
}



@ARTICLE{feldmann_2015,
   author = {{Feldmann}, R. and {Spolyar}, D.},
    title = "{Detecting dark matter substructures around the Milky Way with Gaia}",
  journal = {\mnras},
archivePrefix = "arXiv",
   eprint = {1310.2243},
 keywords = {Galaxy: kinematics and dynamics, galaxies: haloes, dark matter},
     year = 2015,
    month = jan,
   volume = 446,
    pages = {1000-1012},
      doi = {10.1093/mnras/stu2147},
   adsurl = {http://adsabs.harvard.edu/abs/2015MNRAS.446.1000F},
  adsnote = {Provided by the SAO/NASA Astrophysics Data System}
}


@ARTICLE{dlv_2015,
   author = {{de la Vega}, A. and {Quillen}, A.~C. and {Carlin}, J.~L. and 
	{Chakrabarti}, S. and {D'Onghia}, E.},
    title = "{Phase wrapping of epicyclic perturbations in the Wobbly Galaxy}",
  journal = {\mnras},
archivePrefix = "arXiv",
   eprint = {1507.07489},
 keywords = {Galaxy: disc, Galaxy: kinematics and dynamics, Galaxy: structure},
     year = 2015,
    month = nov,
   volume = 454,
    pages = {933-945},
      doi = {10.1093/mnras/stv2055},
   adsurl = {http://adsabs.harvard.edu/abs/2015MNRAS.454..933D},
  adsnote = {Provided by the SAO/NASA Astrophysics Data System}
}

@ARTICLE{donghia_2016,
   author = {{D'Onghia}, E. and {Madau}, P. and {Vera-Ciro}, C. and {Quillen}, A. and 
	{Hernquist}, L.},
    title = "{Excitation of Coupled Stellar Motions in the Galactic Disk by Orbiting Satellites}",
  journal = {\apj},
archivePrefix = "arXiv",
   eprint = {1511.01503},
 keywords = {galaxies: kinematics and dynamics, Galaxy: disk, Galaxy: evolution, stars: kinematics and dynamics},
     year = 2016,
    month = may,
   volume = 823,
      eid = {4},
    pages = {4},
      doi = {10.3847/0004-637X/823/1/4},
   adsurl = {http://adsabs.harvard.edu/abs/2016ApJ...823....4D},
  adsnote = {Provided by the SAO/NASA Astrophysics Data System}
}

@ARTICLE{laporte_2016,
   author = {{Laporte}, C.~F.~P. and {G{\'o}mez}, F.~A. and {Besla}, G. and 
	{Johnston}, K.~V. and {Garavito-Camargo}, N.},
    title = "{Response of the Milky Way's disc to the Large Magellanic Cloud in a first infall scenario}",
  journal = {ArXiv e-prints},
archivePrefix = "arXiv",
   eprint = {1608.04743},
 keywords = {Astrophysics - Astrophysics of Galaxies},
     year = 2016,
    month = aug,
   adsurl = {http://adsabs.harvard.edu/abs/2016arXiv160804743L},
  adsnote = {Provided by the SAO/NASA Astrophysics Data System}
}

@ARTICLE{laporte_2018,
   author = {{Laporte}, C.~F.~P. and {G{\'o}mez}, F.~A. and {Besla}, G. and 
	{Johnston}, K.~V. and {Garavito-Camargo}, N.},
    title = "{Response of the Milky Way's disc to the Large Magellanic Cloud in a first infall scenario}",
  journal = {\mnras},
 keywords = {Galaxy: disc, Galaxy: evolution, Galaxy: kinematics and dynamics, Galaxy: structure},
     year = 2018,
    month = jan,
   volume = 473,
    pages = {1218-1230},
      doi = {10.1093/mnras/stx2146},
   adsurl = {http://adsabs.harvard.edu/abs/2018MNRAS.473.1218L},
  adsnote = {Provided by the SAO/NASA Astrophysics Data System}
}

@ARTICLE{chequers_2018,
   author = {{Chequers}, M.~H. and {Widrow}, L.~M. and {Darling}, K.},
    title = "{Bending waves in the Milky Way's disc from halo substructure}",
  journal = {\mnras},
archivePrefix = "arXiv",
   eprint = {1805.12449},
 keywords = {Galaxy: disc, galaxies: evolution, galaxies: kinematics and dynamics, galaxies: structure},
     year = 2018,
    month = nov,
   volume = 480,
    pages = {4244-4258},
      doi = {10.1093/mnras/sty2114},
   adsurl = {http://adsabs.harvard.edu/abs/2018MNRAS.480.4244C},
  adsnote = {Provided by the SAO/NASA Astrophysics Data System}
}

@ARTICLE{gauthier_2006,
   author = {{Gauthier}, J.-R. and {Dubinski}, J. and {Widrow}, L.~M.},
    title = "{Substructure around M31: Evolution and Effects}",
  journal = {\apj},
   eprint = {astro-ph/0606015},
 keywords = {Cosmology: Miscellaneous, Galaxies: Interactions, Methods: n-Body Simulations},
     year = 2006,
    month = dec,
   volume = 653,
    pages = {1180-1193},
      doi = {10.1086/508860},
   adsurl = {http://adsabs.harvard.edu/abs/2006ApJ...653.1180G},
  adsnote = {Provided by the SAO/NASA Astrophysics Data System}
}

@ARTICLE{hu_2016,
   author = {{Hu}, S. and {Sijacki}, D.},
    title = "{Stellar spiral structures in triaxial dark matter haloes}",
  journal = {\mnras},
archivePrefix = "arXiv",
   eprint = {1507.01643},
 keywords = {methods: numerical, galaxies: haloes, galaxies: spiral},
     year = 2016,
    month = sep,
   volume = 461,
    pages = {2789-2808},
      doi = {10.1093/mnras/stw1463},
   adsurl = {http://adsabs.harvard.edu/abs/2016MNRAS.461.2789H},
  adsnote = {Provided by the SAO/NASA Astrophysics Data System}
}


@ARTICLE{hu_2018,
   author = {{Hu}, S. and {Sijacki}, D.},
    title = "{Impact of cosmological satellites on stellar discs: dissecting one satelliteat a time}",
  journal = {\mnras},
archivePrefix = "arXiv",
   eprint = {1709.06107},
 keywords = {methods: numerical, galaxies: haloes, galaxies: spiral},
     year = 2018,
    month = aug,
   volume = 478,
    pages = {1576-1594},
      doi = {10.1093/mnras/sty1183},
   adsurl = {http://adsabs.harvard.edu/abs/2018MNRAS.478.1576H},
  adsnote = {Provided by the SAO/NASA Astrophysics Data System}
}


@ARTICLE{gomez_2017,
   author = {{G{\'o}mez}, F.~A. and {White}, S.~D.~M. and {Grand}, R.~J.~J. and 
	{Marinacci}, F. and {Springel}, V. and {Pakmor}, R.},
    title = "{Warps and waves in the stellar discs of the Auriga cosmological simulations}",
  journal = {\mnras},
archivePrefix = "arXiv",
   eprint = {1606.06295},
 keywords = {Galaxy: disc, Galaxy: evolution, galaxies: evolution, galaxies: interactions, galaxies: kinematics and dynamics},
     year = 2017,
    month = mar,
   volume = 465,
    pages = {3446-3460},
      doi = {10.1093/mnras/stw2957},
   adsurl = {http://adsabs.harvard.edu/abs/2017MNRAS.465.3446G},
  adsnote = {Provided by the SAO/NASA Astrophysics Data System}
}



@ARTICLE{debuhr_2012,
   author = {{DeBuhr}, J. and {Ma}, C.-P. and {White}, S.~D.~M.},
    title = "{Stellar discs in Aquarius dark matter haloes}",
  journal = {\mnras},
archivePrefix = "arXiv",
   eprint = {1205.6472},
 keywords = {galaxies: evolution, galaxies: formation, galaxies: kinematics and dynamics, galaxies: structure, cosmology: theory, dark matter},
     year = 2012,
    month = oct,
   volume = 426,
    pages = {983-999},
      doi = {10.1111/j.1365-2966.2012.21910.x},
   adsurl = {http://adsabs.harvard.edu/abs/2012MNRAS.426..983D},
  adsnote = {Provided by the SAO/NASA Astrophysics Data System}
}


@ARTICLE{ys_2015,
   author = {{Yurin}, D. and {Springel}, V.},
    title = "{The stability of stellar discs in Milky Way-sized dark matter haloes}",
  journal = {\mnras},
archivePrefix = "arXiv",
   eprint = {1411.3729},
 keywords = {methods: numerical, galaxies: formation, galaxies: kinematics and dynamics, cosmology: theory, dark matter},
     year = 2015,
    month = sep,
   volume = 452,
    pages = {2367-2387},
      doi = {10.1093/mnras/stv1454},
   adsurl = {http://adsabs.harvard.edu/abs/2015MNRAS.452.2367Y},
  adsnote = {Provided by the SAO/NASA Astrophysics Data System}
}


@ARTICLE{berentzen_2006,
   author = {{Berentzen}, I. and {Shlosman}, I.},
    title = "{Growing Live Disks within Cosmologically Assembling Asymmetric Halos: Washing Out the Halo Prolateness}",
  journal = {\apj},
   eprint = {astro-ph/0603487},
 keywords = {Cosmology: Dark Matter, Galaxies: Evolution, Galaxies: Formation, Galaxies: Halos, Galaxies: Kinematics and Dynamics, Galaxies: Structure},
     year = 2006,
    month = sep,
   volume = 648,
    pages = {807-819},
      doi = {10.1086/506016},
   adsurl = {http://adsabs.harvard.edu/abs/2006ApJ...648..807B},
  adsnote = {Provided by the SAO/NASA Astrophysics Data System}
}