@ARTICLE{de_blok_core_cusp,
       author = {{de Blok}, W.~J.~G.},
        title = "{The Core-Cusp Problem}",
      journal = {Advances in Astronomy},
     keywords = {Astrophysics - Cosmology and Nongalactic Astrophysics},
         year = "2010",
        month = "Jan",
       volume = {2010},
          eid = {789293},
        pages = {789293},
          doi = {10.1155/2010/789293},
archivePrefix = {arXiv},
       eprint = {0910.3538},
 primaryClass = {astro-ph.CO},
       adsurl = {https://ui.adsabs.harvard.edu/abs/2010AdAst2010E...5D},
      adsnote = {Provided by the SAO/NASA Astrophysics Data System}
}


@ARTICLE{nfw,
   author = {{Navarro}, J.~F. and {Frenk}, C.~S. and {White}, S.~D.~M.},
    title = "{A Universal Density Profile from Hierarchical Clustering}",
  journal = {\apj},
   eprint = {astro-ph/9611107},
 keywords = {Cosmology: Theory, Cosmology: Dark Matter, Galaxies: Halos, Methods: Numerical},
     year = 1997,
    month = dec,
   volume = 490,
    pages = {493-508},
      doi = {10.1086/304888},
   adsurl = {http://adsabs.harvard.edu/abs/1997ApJ...490..493N},
  adsnote = {Provided by the SAO/NASA Astrophysics Data System}
}


@Unpublished{local_group_map,
author = {Richard Powell},
title  = "{An Atlas of the Universe}",
year   = {2017},
url    = {http://www.atlasoftheuniverse.com/copyright.html},
note   = "{Image obtained from \url{https://en.wikipedia.org/wiki/File:Local_Group.svg}}"
OPTkey = {•},
OPTmonth = {•},
OPTyear = {•},
OPTannote = {•}
}


@ARTICLE{erkal_lmc,
   author = {{Erkal}, D. and {Belokurov}, V. and {Laporte}, C.~F.~P. and 
	{Koposov}, S.~E. and {Li}, T.~S. and {Grillmair}, C.~J. and 
	{Kallivayalil}, N. and {Price-Whelan}, A.~M. and {Evans}, N.~W. and 
	{Hawkins}, K. and {Hendel}, D. and {Mateu}, C. and {Navarro}, J.~F. and 
	{del Pino}, A. and {Slater}, C.~T. and {Sohn}, S.~T.},
    title = "{The total mass of the Large Magellanic Cloud from its perturbation on the Orphan stream}",
  journal = {arXiv e-prints},
archivePrefix = "arXiv",
   eprint = {1812.08192},
 keywords = {Astrophysics - Astrophysics of Galaxies},
     year = 2018,
    month = dec,
   adsurl = {http://adsabs.harvard.edu/abs/2018arXiv181208192E},
  adsnote = {Provided by the SAO/NASA Astrophysics Data System}
}


@ARTICLE{reiss_1998,
   author = {{Riess}, A.~G. and {Filippenko}, A.~V. and {Challis}, P. and 
	{Clocchiatti}, A. and {Diercks}, A. and {Garnavich}, P.~M. and 
	{Gilliland}, R.~L. and {Hogan}, C.~J. and {Jha}, S. and {Kirshner}, R.~P. and 
	{Leibundgut}, B. and {Phillips}, M.~M. and {Reiss}, D. and {Schmidt}, B.~P. and 
	{Schommer}, R.~A. and {Smith}, R.~C. and {Spyromilio}, J. and 
	{Stubbs}, C. and {Suntzeff}, N.~B. and {Tonry}, J.},
    title = "{Observational Evidence from Supernovae for an Accelerating Universe and a Cosmological Constant}",
  journal = {\aj},
   eprint = {astro-ph/9805201},
 keywords = {COSMOLOGY: OBSERVATIONS, STARS: SUPERNOVAE: GENERAL},
     year = 1998,
    month = sep,
   volume = 116,
    pages = {1009-1038},
      doi = {10.1086/300499},
   adsurl = {http://adsabs.harvard.edu/abs/1998AJ....116.1009R},
  adsnote = {Provided by the SAO/NASA Astrophysics Data System}
}

@ARTICLE{perlmutter_1999,
   author = {{Perlmutter}, S. and {Aldering}, G. and {Goldhaber}, G. and 
	{Knop}, R.~A. and {Nugent}, P. and {Castro}, P.~G. and {Deustua}, S. and 
	{Fabbro}, S. and {Goobar}, A. and {Groom}, D.~E. and {Hook}, I.~M. and 
	{Kim}, A.~G. and {Kim}, M.~Y. and {Lee}, J.~C. and {Nunes}, N.~J. and 
	{Pain}, R. and {Pennypacker}, C.~R. and {Quimby}, R. and {Lidman}, C. and 
	{Ellis}, R.~S. and {Irwin}, M. and {McMahon}, R.~G. and {Ruiz-Lapuente}, P. and 
	{Walton}, N. and {Schaefer}, B. and {Boyle}, B.~J. and {Filippenko}, A.~V. and 
	{Matheson}, T. and {Fruchter}, A.~S. and {Panagia}, N. and {Newberg}, H.~J.~M. and 
	{Couch}, W.~J. and {Project}, T.~S.~C.},
    title = "{Measurements of {$\Omega$} and {$\Lambda$} from 42 High-Redshift Supernovae}",
  journal = {\apj},
   eprint = {astro-ph/9812133},
 keywords = {COSMOLOGY: OBSERVATIONS, COSMOLOGY: DISTANCE SCALE, STARS: SUPERNOVAE: GENERAL, Cosmology: Observations, Cosmology: Distance Scale, Stars: Supernovae: General},
     year = 1999,
    month = jun,
   volume = 517,
    pages = {565-586},
      doi = {10.1086/307221},
   adsurl = {http://adsabs.harvard.edu/abs/1999ApJ...517..565P},
  adsnote = {Provided by the SAO/NASA Astrophysics Data System}
}

@BOOK{dodelson,
   author = {{Dodelson}, S.},
    title = "{Modern cosmology}",
 keywords = {Cosmology},
booktitle = {Modern cosmology / Scott Dodelson.~Amsterdam (Netherlands): Academic Press.~ISBN 0-12-219141-2, 2003, XIII + 440 p.},
     year = 2003,
   adsurl = {http://adsabs.harvard.edu/abs/2003moco.book.....D},
  adsnote = {Provided by the SAO/NASA Astrophysics Data System}
}


@BOOK{kolb_turner,
   author = {{Kolb}, E.~W. and {Turner}, M.~S.},
    title = "{The early universe.}",
 keywords = {Elementary Particles: Early Universe, Elementary Particles: Cosmology},
booktitle = {Front.~Phys., Vol.~69,},
     year = 1990,
   adsurl = {http://adsabs.harvard.edu/abs/1990eaun.book.....K},
  adsnote = {Provided by the SAO/NASA Astrophysics Data System}
}


@ARTICLE{planck_2018,
   author = {{Planck Collaboration} and {Aghanim}, N. and {Akrami}, Y. and 
	{Ashdown}, M. and {Aumont}, J. and {Baccigalupi}, C. and {Ballardini}, M. and 
	{Banday}, A.~J. and {Barreiro}, R.~B. and {Bartolo}, N. and 
	{Basak}, S. and {Battye}, R. and {Benabed}, K. and {Bernard}, J.-P. and 
	{Bersanelli}, M. and {Bielewicz}, P. and {Bock}, J.~J. and {Bond}, J.~R. and 
	{Borrill}, J. and {Bouchet}, F.~R. and {Boulanger}, F. and {Bucher}, M. and 
	{Burigana}, C. and {Butler}, R.~C. and {Calabrese}, E. and {Cardoso}, J.-F. and 
	{Carron}, J. and {Challinor}, A. and {Chiang}, H.~C. and {Chluba}, J. and 
	{Colombo}, L.~P.~L. and {Combet}, C. and {Contreras}, D. and 
	{Crill}, B.~P. and {Cuttaia}, F. and {de Bernardis}, P. and 
	{de Zotti}, G. and {Delabrouille}, J. and {Delouis}, J.-M. and 
	{Di Valentino}, E. and {Diego}, J.~M. and {Dor{\'e}}, O. and 
	{Douspis}, M. and {Ducout}, A. and {Dupac}, X. and {Dusini}, S. and 
	{Efstathiou}, G. and {Elsner}, F. and {En{\ss}lin}, T.~A. and 
	{Eriksen}, H.~K. and {Fantaye}, Y. and {Farhang}, M. and {Fergusson}, J. and 
	{Fernandez-Cobos}, R. and {Finelli}, F. and {Forastieri}, F. and 
	{Frailis}, M. and {Franceschi}, E. and {Frolov}, A. and {Galeotta}, S. and 
	{Galli}, S. and {Ganga}, K. and {G{\'e}nova-Santos}, R.~T. and 
	{Gerbino}, M. and {Ghosh}, T. and {Gonz{\'a}lez-Nuevo}, J. and 
	{G{\'o}rski}, K.~M. and {Gratton}, S. and {Gruppuso}, A. and 
	{Gudmundsson}, J.~E. and {Hamann}, J. and {Handley}, W. and 
	{Herranz}, D. and {Hivon}, E. and {Huang}, Z. and {Jaffe}, A.~H. and 
	{Jones}, W.~C. and {Karakci}, A. and {Keih{\"a}nen}, E. and 
	{Keskitalo}, R. and {Kiiveri}, K. and {Kim}, J. and {Kisner}, T.~S. and 
	{Knox}, L. and {Krachmalnicoff}, N. and {Kunz}, M. and {Kurki-Suonio}, H. and 
	{Lagache}, G. and {Lamarre}, J.-M. and {Lasenby}, A. and {Lattanzi}, M. and 
	{Lawrence}, C.~R. and {Le Jeune}, M. and {Lemos}, P. and {Lesgourgues}, J. and 
	{Levrier}, F. and {Lewis}, A. and {Liguori}, M. and {Lilje}, P.~B. and 
	{Lilley}, M. and {Lindholm}, V. and {L{\'o}pez-Caniego}, M. and 
	{Lubin}, P.~M. and {Ma}, Y.-Z. and {Mac{\'{\i}}as-P{\'e}rez}, J.~F. and 
	{Maggio}, G. and {Maino}, D. and {Mandolesi}, N. and {Mangilli}, A. and 
	{Marcos-Caballero}, A. and {Maris}, M. and {Martin}, P.~G. and 
	{Martinelli}, M. and {Mart{\'{\i}}nez-Gonz{\'a}lez}, E. and 
	{Matarrese}, S. and {Mauri}, N. and {McEwen}, J.~D. and {Meinhold}, P.~R. and 
	{Melchiorri}, A. and {Mennella}, A. and {Migliaccio}, M. and 
	{Millea}, M. and {Mitra}, S. and {Miville-Desch{\^e}nes}, M.-A. and 
	{Molinari}, D. and {Montier}, L. and {Morgante}, G. and {Moss}, A. and 
	{Natoli}, P. and {N{\o}rgaard-Nielsen}, H.~U. and {Pagano}, L. and 
	{Paoletti}, D. and {Partridge}, B. and {Patanchon}, G. and {Peiris}, H.~V. and 
	{Perrotta}, F. and {Pettorino}, V. and {Piacentini}, F. and 
	{Polastri}, L. and {Polenta}, G. and {Puget}, J.-L. and {Rachen}, J.~P. and 
	{Reinecke}, M. and {Remazeilles}, M. and {Renzi}, A. and {Rocha}, G. and 
	{Rosset}, C. and {Roudier}, G. and {Rubi{\~n}o-Mart{\'{\i}}n}, J.~A. and 
	{Ruiz-Granados}, B. and {Salvati}, L. and {Sandri}, M. and {Savelainen}, M. and 
	{Scott}, D. and {Shellard}, E.~P.~S. and {Sirignano}, C. and 
	{Sirri}, G. and {Spencer}, L.~D. and {Sunyaev}, R. and {Suur-Uski}, A.-S. and 
	{Tauber}, J.~A. and {Tavagnacco}, D. and {Tenti}, M. and {Toffolatti}, L. and 
	{Tomasi}, M. and {Trombetti}, T. and {Valenziano}, L. and {Valiviita}, J. and 
	{Van Tent}, B. and {Vibert}, L. and {Vielva}, P. and {Villa}, F. and 
	{Vittorio}, N. and {Wandelt}, B.~D. and {Wehus}, I.~K. and {White}, M. and 
	{White}, S.~D.~M. and {Zacchei}, A. and {Zonca}, A.},
    title = "{Planck 2018 results. VI. Cosmological parameters}",
  journal = {arXiv e-prints},
archivePrefix = "arXiv",
   eprint = {1807.06209},
 keywords = {Astrophysics - Cosmology and Nongalactic Astrophysics},
     year = 2018,
    month = jul,
   adsurl = {http://adsabs.harvard.edu/abs/2018arXiv180706209P},
  adsnote = {Provided by the SAO/NASA Astrophysics Data System}
}
@ARTICLE{transfer_fn,
   author = {{Eisenstein}, D.~J. and {Hu}, W. and {Tegmark}, M.},
    title = "{Cosmic Complementarity: Joint Parameter Estimation from Cosmic Microwave Background Experiments and Redshift Surveys}",
  journal = {\apj},
   eprint = {astro-ph/9807130},
 keywords = {COSMOLOGY: COSMIC MICROWAVE BACKGROUND, COSMOLOGY: THEORY, COSMOLOGY: DARK MATTER, COSMOLOGY: LARGE-SCALE STRUCTURE OF UNIVERSE, METHODS: NUMERICAL, Cosmology: Cosmic Microwave Background, Cosmology: Theory, Cosmology: Dark Matter, Cosmology: Large-Scale Structure of Universe, Methods: Numerical},
     year = 1999,
    month = jun,
   volume = 518,
    pages = {2-23},
      doi = {10.1086/307261},
   adsurl = {http://adsabs.harvard.edu/abs/1999ApJ...518....2E},
  adsnote = {Provided by the SAO/NASA Astrophysics Data System}
}


@Misc{2010_us_census,
author = "{U.S. Census Bureau}",
title = "{Population Distribution in the United States and Puerto Rico}",
year = {2010},
url  = {https://www.census.gov/geo/maps-data/maps/2010popdistribution.html}
}

@Misc{manhattan_population_density,
author = "{U.S. Census Bureau}",
title = "{2010 Census Gazetteer Files: New York County Subdivisions}",
year = {2010},
url  = {http://www2.census.gov/geo/docs/maps-data/data/gazetteer/county_sub_list_34.txt}
}

@Misc{history_of_nyc,
author = "{Wikipedia}",
title = "{History of New York City}",
year = {2018},
url  = {https://en.wikipedia.org/wiki/History_of_New_York_City}
}
