@BOOK{BM,
   author = {{Binney}, J. and {Merrifield}, M.},
    title = "{Galactic Astronomy}",
booktitle = {Galactic astronomy / James Binney and Michael Merrifield.~ Princeton, NJ : Princeton University Press, 1998.~ (Princeton series in astrophysics) QB857 .B522 1998  ($35.00)},
     year = 1998,
   adsurl = {http://adsabs.harvard.edu/abs/1998gaas.book.....B},
  adsnote = {Provided by the SAO/NASA Astrophysics Data System}
}

@MISC{YurinSpringelGalic,
   author = {{Yurin}, D. and {Springel}, V.},
    title = "{GALIC: Galaxy initial conditions construction}",
 keywords = {Software},
howpublished = {Astrophysics Source Code Library},
     year = 2014,
    month = aug,
archivePrefix = "ascl",
   eprint = {1408.008},
   adsurl = {http://adsabs.harvard.edu/abs/2014ascl.soft08008Y},
  adsnote = {Provided by the SAO/NASA Astrophysics Data System}
}


@ARTICLE{gao2004,
   author = {{Gao}, L. and {White}, S.~D.~M. and {Jenkins}, A. and {Stoehr}, F. and 
	{Springel}, V.},
    title = "{The subhalo populations of {$\Lambda$}CDM dark haloes}",
  journal = {\mnras},
   eprint = {astro-ph/0404589},
 keywords = {methods: N-body simulations, methods: numerical, galaxies: clusters: general, galaxies: haloes, dark matter},
     year = 2004,
    month = dec,
   volume = 355,
    pages = {819-834},
      doi = {10.1111/j.1365-2966.2004.08360.x},
   adsurl = {http://adsabs.harvard.edu/abs/2004MNRAS.355..819G},
  adsnote = {Provided by the SAO/NASA Astrophysics Data System}
}


@INPROCEEDINGS{dubinski2008,
   author = {{Dubinski}, J. and {Gauthier}, J.-R. and {Widrow}, L. and {Nickerson}, S.
	},
    title = "{Spiral and Bar Instabilities Provoked by Dark Matter Satellites}",
booktitle = {Formation and Evolution of Galaxy Disks},
     year = 2008,
   series = {Astronomical Society of the Pacific Conference Series},
   volume = 396,
archivePrefix = "arXiv",
   eprint = {0802.3997},
   editor = {{Funes}, J.~G. and {Corsini}, E.~M.},
    month = oct,
    pages = {321},
   adsurl = {http://adsabs.harvard.edu/abs/2008ASPC..396..321D},
  adsnote = {Provided by the SAO/NASA Astrophysics Data System}
}

@ARTICLE{font2001,
   author = {{Font}, A.~S. and {Navarro}, J.~F. and {Stadel}, J. and {Quinn}, T.
	},
    title = "{Halo Substructure and Disk Heating in a {$\Lambda$} Cold Dark Matter Universe}",
  journal = {\apjl},
   eprint = {astro-ph/0106268},
 keywords = {Cosmology: Dark Matter, Galaxies: Evolution, Galaxies: Structure, Methods: n-Body Simulations},
     year = 2001,
    month = dec,
   volume = 563,
    pages = {L1-L4},
      doi = {10.1086/338479},
   adsurl = {http://adsabs.harvard.edu/abs/2001ApJ...563L...1F},
  adsnote = {Provided by the SAO/NASA Astrophysics Data System}
}

@ARTICLE{gasWarp,
   author = {{Chakrabarti}, S. and {Angeloni}, R. and {Freeman}, K. and {Sargent}, B. and 
	{Simon}, J.~D. and {Konorski}, P. and {Gieren}, W. and {Sesar}, B. and 
	{Lipnicky}, A. and {Blitz}, L. and {Basri}, G. and {Marengo}, M. and 
	{Vacca}, W. and {Guhathakurta}, P. and {Quillen}, A. and {Chang}, P.
	},
    title = "{Galactoseismology: Discovery of a cluster of receding, variable halo stars}",
  journal = {ArXiv e-prints},
archivePrefix = "arXiv",
   eprint = {1601.03381},
 keywords = {Astrophysics - Astrophysics of Galaxies, Astrophysics - Solar and Stellar Astrophysics},
     year = 2016,
    month = jan,
   adsurl = {http://adsabs.harvard.edu/abs/2016arXiv160103381C},
  adsnote = {Provided by the SAO/NASA Astrophysics Data System}
}


@ARTICLE{laporte_2018_b,
       author = {{Laporte}, Chervin F.~P. and {Johnston}, Kathryn V. and
         {G{\'o}mez}, Facundo A. and {Garavito-Camargo}, Nicolas and
         {Besla}, Gurtina},
        title = "{The influence of Sagittarius and the Large Magellanic Cloud on the stellar disc of the Milky Way Galaxy}",
      journal = {\mnras},
     keywords = {Galaxy: disc, Galaxy: evolution, Galaxy: formation, Galaxy: halo, Galaxy: kinematics and dynamics, Galaxy: structure, Astrophysics - Astrophysics of Galaxies},
         year = "2018",
        month = "Nov",
       volume = {481},
       number = {1},
        pages = {286-306},
          doi = {10.1093/mnras/sty1574},
archivePrefix = {arXiv},
       eprint = {1710.02538},
 primaryClass = {astro-ph.GA},
       adsurl = {https://ui.adsabs.harvard.edu/abs/2018MNRAS.481..286L},
      adsnote = {Provided by the SAO/NASA Astrophysics Data System}
}

@BOOK{BT,
   author = {{Binney}, J. and {Tremaine}, S.},
    title = "{Galactic Dynamics: Second Edition}",
booktitle = {Galactic Dynamics: Second Edition, by James Binney and Scott Tremaine.~ISBN 978-0-691-13026-2 (HB).~Published by Princeton University Press, Princeton, NJ USA, 2008.},
     year = 2008,
publisher = {Princeton University Press},
   adsurl = {http://adsabs.harvard.edu/abs/2008gady.book.....B},
  adsnote = {Provided by the SAO/NASA Astrophysics Data System}
}

@Book{ThorntonAndMarion,
author = {Stephen T. Thornton and Jerry B. Marion},
editor = {Julie M. DeSilva},
title = {"Classical Dynamics of Particles and Systems"},
publisher = {"Cengage Learning"},
year = {2008},
edition = {5},
}

@ARTICLE{bergemann_2018,
   author = {{Bergemann}, M. and {Sesar}, B. and {Cohen}, J.~G. and {Serenelli}, A.~M. and 
	{Sheffield}, A. and {Li}, T.~S. and {Casagrande}, L. and {Johnston}, K.~V. and 
	{Laporte}, C.~F.~P. and {Price-Whelan}, A.~M. and {Sch{\"o}nrich}, R. and 
	{Gould}, A.},
    title = "{Two chemically similar stellar overdensities on opposite sides of the plane of the Galactic disk}",
  journal = {\nat},
archivePrefix = "arXiv",
   eprint = {1803.00563},
     year = 2018,
    month = mar,
   volume = 555,
    pages = {334-337},
      doi = {10.1038/nature25490},
   adsurl = {http://adsabs.harvard.edu/abs/2018Natur.555..334B},
  adsnote = {Provided by the SAO/NASA Astrophysics Data System}
}

@ARTICLE{mcmillan_dehnen_2007,
       author = {{McMillan}, Paul J. and {Dehnen}, Walter},
        title = "{Initial conditions for disc galaxies}",
      journal = {\mnras},
     keywords = {methods: N-body simulations, galaxies: haloes, galaxies: kinematics and dynamics, Astrophysics},
         year = "2007",
        month = "Jun",
       volume = {378},
        pages = {541-550},
          doi = {10.1111/j.1365-2966.2007.11753.x},
archivePrefix = {arXiv},
       eprint = {astro-ph/0703534},
 primaryClass = {astro-ph},
       adsurl = {https://ui.adsabs.harvard.edu/abs/2007MNRAS.378..541M},
      adsnote = {Provided by the SAO/NASA Astrophysics Data System}
}



@ARTICLE{sellwood_1998,
       author = {{Sellwood}, J.~A. and {Nelson}, Robert W. and {Tremaine}, Scott},
        title = "{Resonant Thickening of Disks by Small Satellite Galaxies}",
      journal = {\apj},
     keywords = {GALAXIES: EVOLUTION, GALAXIES: INTERACTIONS, GALAXIES: KINEMATICS AND DYNAMICS, GALAXIES: STRUCTURE, Galaxies: Evolution, Galaxies: Interactions, Galaxies: Kinematics and Dynamics, Galaxies: Structure, Astrophysics},
         year = "1998",
        month = "Oct",
       volume = {506},
        pages = {590-599},
          doi = {10.1086/306280},
archivePrefix = {arXiv},
       eprint = {astro-ph/9805145},
 primaryClass = {astro-ph},
       adsurl = {https://ui.adsabs.harvard.edu/abs/1998ApJ...506..590S},
      adsnote = {Provided by the SAO/NASA Astrophysics Data System}
}


@ARTICLE{toth_ostriker_1992,
       author = {{Toth}, G. and {Ostriker}, J.~P.},
        title = "{Galactic Disks, Infall, and the Global Value of Omega}",
      journal = {\apj},
     keywords = {Astronomical Models, Cosmology, Galactic Structure, Milky Way Galaxy, Spiral Galaxies, Accretion Disks, Circular Orbits, Dark Matter, Galactic Evolution, Halos, Astrophysics, COSMOLOGY: OBSERVATIONS, GALAXIES: KINEMATICS AND DYNAMICS, GALAXY: STRUCTURE},
         year = "1992",
        month = "Apr",
       volume = {389},
        pages = {5},
          doi = {10.1086/171185},
       adsurl = {https://ui.adsabs.harvard.edu/abs/1992ApJ...389....5T},
      adsnote = {Provided by the SAO/NASA Astrophysics Data System}
}



@ARTICLE{lacey_ostriker_1985,
       author = {{Lacey}, C.~G. and {Ostriker}, J.~P.},
        title = "{Massive black holes in galactic halos ?}",
      journal = {\apj},
     keywords = {Black Holes (Astronomy), Galactic Structure, Star Distribution, Brightness Distribution, Chronology, Dark Matter, Dwarf Galaxies, Ellipsoids, Gravitational Lenses, Radii, Stellar Motions, Velocity Distribution, Astrophysics},
         year = "1985",
        month = "Dec",
       volume = {299},
        pages = {633-652},
          doi = {10.1086/163729},
       adsurl = {https://ui.adsabs.harvard.edu/abs/1985ApJ...299..633L},
      adsnote = {Provided by the SAO/NASA Astrophysics Data System}
}


@ARTICLE{debattista_sellwood_2000,
   author = {{Debattista}, V.~P. and {Sellwood}, J.~A.},
    title = "{Constraints from Dynamical Friction on the Dark Matter Content of Barred Galaxies}",
  journal = {\apj},
   eprint = {astro-ph/0006275},
 keywords = {Galaxies: Evolution, Galaxies: Halos, Galaxies: Kinematics and Dynamics, Galaxy: Halo, Galaxy: Structure},
     year = 2000,
    month = nov,
   volume = 543,
    pages = {704-721},
      doi = {10.1086/317148},
   adsurl = {http://adsabs.harvard.edu/abs/2000ApJ...543..704D},
  adsnote = {Provided by the SAO/NASA Astrophysics Data System}
}



@ARTICLE{purcell2011,
   author = {{Purcell}, C.~W. and {Bullock}, J.~S. and {Tollerud}, E.~J. and 
	{Rocha}, M. and {Chakrabarti}, S.},
    title = "{The Sagittarius impact as an architect of spirality and outer rings in the Milky Way}",
  journal = {\nat},
archivePrefix = "arXiv",
   eprint = {1109.2918},
 primaryClass = "astro-ph.GA",
     year = 2011,
    month = sep,
   volume = 477,
    pages = {301-303},
      doi = {10.1038/nature10417},
   adsurl = {http://adsabs.harvard.edu/abs/2011Natur.477..301P},
  adsnote = {Provided by the SAO/NASA Astrophysics Data System}
}


@ARTICLE{kazantzidis2008,
   author = {{Kazantzidis}, S. and {Bullock}, J.~S. and {Zentner}, A.~R. and 
	{Kravtsov}, A.~V. and {Moustakas}, L.~A.},
    title = "{Cold Dark Matter Substructure and Galactic Disks. I. Morphological Signatures of Hierarchical Satellite Accretion}",
  journal = {\apj},
archivePrefix = "arXiv",
   eprint = {0708.1949},
 keywords = {cosmology: theory, dark matter, galaxies: formation, galaxies: kinematics and dynamics, galaxies: structure, methods: numerical},
     year = 2008,
    month = nov,
   volume = 688,
      eid = {254-276},
    pages = {254-276},
      doi = {10.1086/591958},
   adsurl = {http://adsabs.harvard.edu/abs/2008ApJ...688..254K},
  adsnote = {Provided by the SAO/NASA Astrophysics Data System}
}

@ARTICLE{gauthier2006,
   author = {{Gauthier}, J.-R. and {Dubinski}, J. and {Widrow}, L.~M.},
    title = "{Substructure around M31: Evolution and Effects}",
  journal = {\apj},
   eprint = {astro-ph/0606015},
 keywords = {Cosmology: Miscellaneous, Galaxies: Interactions, Methods: n-Body Simulations},
     year = 2006,
    month = dec,
   volume = 653,
    pages = {1180-1193},
      doi = {10.1086/508860},
   adsurl = {http://adsabs.harvard.edu/abs/2006ApJ...653.1180G},
  adsnote = {Provided by the SAO/NASA Astrophysics Data System}
}

@ARTICLE{Klypin2009,
   author = {{Klypin}, A. and {Valenzuela}, O. and {Col{\'{\i}}n}, P. and 
	{Quinn}, T.},
    title = "{Dynamics of barred galaxies: effects of disc height}",
  journal = {\mnras},
archivePrefix = "arXiv",
   eprint = {0808.3422},
 keywords = {methods: N-body simulations , galaxies: evolution , galaxies: haloes , galaxies: kinematics and dynamics},
     year = 2009,
    month = sep,
   volume = 398,
    pages = {1027-1040},
      doi = {10.1111/j.1365-2966.2009.15187.x},
   adsurl = {http://adsabs.harvard.edu/abs/2009MNRAS.398.1027K},
  adsnote = {Provided by the SAO/NASA Astrophysics Data System}
}


@INBOOK{Sellwood2013,
   author = {{Sellwood}, J.~A.},
    title = "{Dynamics of Disks and Warps}",
 keywords = {Physics},
booktitle = {Planets, Stars and Stellar Systems.~Volume 5: Galactic Structure and Stellar Populations},
     year = 2013,
   editor = {{Oswalt}, T.~D. and {Gilmore}, G.},
    pages = {923},
      doi = {10.1007/978-94-007-5612-0_18},
   adsurl = {http://adsabs.harvard.edu/abs/2013pss5.book..923S},
  adsnote = {Provided by the SAO/NASA Astrophysics Data System}
}

@ARTICLE{ChristodoulouStability1995,
   author = {{Christodoulou}, D.~M. and {Shlosman}, I. and {Tohline}, J.~E.
	},
    title = "{A new criterion for bar-forming instability in rapidly rotating gaseous and stellar systems. 2: Nonaxisymmetric form}",
  journal = {\apj},
   eprint = {astro-ph/9502074},
 keywords = {Astronomical Models, Galactic Evolution, Galactic Structure, Hydrodynamics, Interstellar Gas, Rotation, Stability, Stellar Systems, Ellipsoids, Gravitation, Kinetic Energy, Rotating Cylinders, Rotating Disks, Star Formation, Symmetry},
     year = 1995,
    month = apr,
   volume = 443,
    pages = {563-569},
      doi = {10.1086/175548},
   adsurl = {http://adsabs.harvard.edu/abs/1995ApJ...443..563C},
  adsnote = {Provided by the SAO/NASA Astrophysics Data System}
}


@ARTICLE{AthanassoulaSellwood1986,
   author = {{Athanassoula}, E. and {Sellwood}, J.~A.},
    title = "{Bi-symmetric instabilities of the Kuz'min/Toomre disc}",
  journal = {\mnras},
 keywords = {Motion Stability, Star Formation, Stellar Models, Stellar Motions, Disk Galaxies, Random Processes, Spiral Galaxies, Stellar Envelopes, Stellar Mass},
     year = 1986,
    month = jul,
   volume = 221,
    pages = {213-232},
      doi = {10.1093/mnras/221.2.213},
   adsurl = {http://adsabs.harvard.edu/abs/1986MNRAS.221..213A},
  adsnote = {Provided by the SAO/NASA Astrophysics Data System}
}


@ARTICLE{EfstathiouShotNoise,
   author = {{Efstathiou}, G. and {Lake}, G. and {Negroponte}, J.},
    title = "{The stability and masses of disc galaxies}",
  journal = {\mnras},
 keywords = {Astronomical Models, Disk Galaxies, Dynamic Stability, Galactic Evolution, Mass, Astronomical Photometry, Density Distribution, Galactic Rotation, Mass To Light Ratios},
     year = 1982,
    month = jun,
   volume = 199,
    pages = {1069-1088},
      doi = {10.1093/mnras/199.4.1069},
   adsurl = {http://adsabs.harvard.edu/abs/1982MNRAS.199.1069E},
  adsnote = {Provided by the SAO/NASA Astrophysics Data System}
}


@ARTICLE{KGGalactICSReference,
   author = {{Kuijken}, K. and {Gilmore}, G.},
    title = "{The mass distribution in the galactic disc. I - A technique to determine the integral surface mass density of the disc near the sun.}",
  journal = {\mnras},
 keywords = {Computational Astrophysics, Density (Mass/Volume), Mass Distribution, Milky Way Galaxy, Sky Surveys (Astronomy), Solar Neighborhood, Disk Galaxies, F Stars, Galactic Mass, Gravitational Fields, K Stars, Southern Sky, Star Distribution},
     year = 1989,
    month = aug,
   volume = 239,
    pages = {571-603},
      doi = {10.1093/mnras/239.2.571},
   adsurl = {http://adsabs.harvard.edu/abs/1989MNRAS.239..571K},
  adsnote = {Provided by the SAO/NASA Astrophysics Data System}
}


@ARTICLE{WPDGalactICSReference,
   author = {{Widrow}, L.~M. and {Pym}, B. and {Dubinski}, J.},
    title = "{Dynamical Blueprints for Galaxies}",
  journal = {\apj},
archivePrefix = "arXiv",
   eprint = {0801.3414},
 keywords = {dark matter, Galaxy: kinematics and dynamics, methods: N-body simulations, methods: statistical},
     year = 2008,
    month = jun,
   volume = 679,
      eid = {1239-1259},
    pages = {1239-1259},
      doi = {10.1086/587636},
   adsurl = {http://adsabs.harvard.edu/abs/2008ApJ...679.1239W},
  adsnote = {Provided by the SAO/NASA Astrophysics Data System}
}
@ARTICLE{DubinskiKuijkenRigidDisks,
   author = {{Dubinski}, J. and {Kuijken}, K.},
    title = "{The settling of warped disks in oblate dark halos}",
  journal = {\apj},
   eprint = {astro-ph/9404003},
 keywords = {Astronomical Models, Bending, Galactic Bulge, Galactic Evolution, Galactic Halos, Galactic Structure, Rotating Disks, Spiral Galaxies, Dynamic Characteristics, Gravitational Effects, Mathematical Models, Precession, Torque},
     year = 1995,
    month = apr,
   volume = 442,
    pages = {492-503},
      doi = {10.1086/175456},
   adsurl = {http://adsabs.harvard.edu/abs/1995ApJ...442..492D},
  adsnote = {Provided by the SAO/NASA Astrophysics Data System}
}

@MISC{music,
   author = {{Hahn}, O. and {Abel}, T.},
    title = "{MUSIC: MUlti-Scale Initial Conditions}",
 keywords = {Software},
howpublished = {Astrophysics Source Code Library},
     year = 2013,
    month = nov,
archivePrefix = "ascl",
   eprint = {1311.011},
   adsurl = {http://adsabs.harvard.edu/abs/2013ascl.soft11011H},
  adsnote = {Provided by the SAO/NASA Astrophysics Data System}
}

@ARTICLE{planck_2014,
   author = {{Planck Collaboration} and {Ade}, P.~A.~R. and {Aghanim}, N. and 
	{Armitage-Caplan}, C. and {Arnaud}, M. and {Ashdown}, M. and 
	{Atrio-Barandela}, F. and {Aumont}, J. and {Baccigalupi}, C. and 
	{Banday}, A.~J. and et al.},
    title = "{Planck 2013 results. XVI. Cosmological parameters}",
  journal = {\aap},
archivePrefix = "arXiv",
   eprint = {1303.5076},
 keywords = {cosmic background radiation, cosmological parameters, early Universe, inflation, primordial nucleosynthesis},
     year = 2014,
    month = nov,
   volume = 571,
      eid = {A16},
    pages = {A16},
      doi = {10.1051/0004-6361/201321591},
   adsurl = {http://adsabs.harvard.edu/abs/2014A26A...571A..16P},
  adsnote = {Provided by the SAO/NASA Astrophysics Data System}
}



@ARTICLE{onorbe_etal_2014,
   author = {{O{\~n}orbe}, J. and {Garrison-Kimmel}, S. and {Maller}, A.~H. and 
	{Bullock}, J.~S. and {Rocha}, M. and {Hahn}, O.},
    title = "{How to zoom: bias, contamination and Lagrange volumes in multimass cosmological simulations}",
  journal = {\mnras},
archivePrefix = "arXiv",
   eprint = {1305.6923},
 keywords = {methods: numerical, galaxies: formation, galaxies: haloes, cosmology: theory},
     year = 2014,
    month = jan,
   volume = 437,
    pages = {1894-1908},
      doi = {10.1093/mnras/stt2020},
   adsurl = {http://adsabs.harvard.edu/abs/2014MNRAS.437.1894O},
  adsnote = {Provided by the SAO/NASA Astrophysics Data System}
}
@ARTICLE{NavarroWhiteZoom,
   author = {{Navarro}, J.~F. and {Frenk}, C.~S. and {White}, S.~D.~M.},
    title = "{Accretion of Satellite Galaxies and the Density of the Universe}",
  journal = {\mnras},
     year = 1994,
    month = mar,
   volume = 267,
    pages = {L1},
      doi = {10.1093/mnras/267.1.L1},
   adsurl = {http://adsabs.harvard.edu/abs/1994MNRAS.267L...1N},
  adsnote = {Provided by the SAO/NASA Astrophysics Data System}
}

@ARTICLE{KatzQuasarZoom,
   author = {{Katz}, N. and {Quinn}, T. and {Bertschinger}, E. and {Gelb}, J.~M.
	},
    title = "{Formation of Quasars at High Redshift}",
  journal = {\mnras},
     year = 1994,
    month = oct,
   volume = 270,
    pages = {L71},
      doi = {10.1093/mnras/270.1.L71},
   adsurl = {http://adsabs.harvard.edu/abs/1994MNRAS.270L..71K},
  adsnote = {Provided by the SAO/NASA Astrophysics Data System}
}


@ARTICLE{BerentzenShlosmanStellarDisks,
   author = {{Berentzen}, I. and {Shlosman}, I.},
    title = "{Growing Live Disks within Cosmologically Assembling Asymmetric Halos: Washing Out the Halo Prolateness}",
  journal = {\apj},
   eprint = {astro-ph/0603487},
 keywords = {Cosmology: Dark Matter, Galaxies: Evolution, Galaxies: Formation, Galaxies: Halos, Galaxies: Kinematics and Dynamics, Galaxies: Structure},
     year = 2006,
    month = sep,
   volume = 648,
    pages = {807-819},
      doi = {10.1086/506016},
   adsurl = {http://adsabs.harvard.edu/abs/2006ApJ...648..807B},
  adsnote = {Provided by the SAO/NASA Astrophysics Data System}
}

@ARTICLE{laporte_2019_feathers,
       author = {{Laporte}, Chervin F.~P. and {Johnston}, Kathryn V. and
         {Tzanidakis}, Anastasios},
        title = "{Stellar disc streams as probes of the Galactic potential and satellite impacts}",
      journal = {\mnras},
     keywords = {Galaxy: disc, Galaxy: evolution, Galaxy: formation, Galaxy: kinematics and dynamics, Galaxy: structure, Astrophysics - Astrophysics of Galaxies},
         year = "2019",
        month = "Feb",
       volume = {483},
        pages = {1427-1436},
          doi = {10.1093/mnras/sty2362},
archivePrefix = {arXiv},
       eprint = {1803.11198},
 primaryClass = {astro-ph.GA},
       adsurl = {https://ui.adsabs.harvard.edu/\#abs/2019MNRAS.483.1427L},
      adsnote = {Provided by the SAO/NASA Astrophysics Data System}
}
@ARTICLE{bauer2018a,
       author = {{Bauer}, Jacob S. and {Widrow}, Lawrence M. and {Erkal}, Denis},
        title = "{Disc-halo interactions in {\ensuremath{\Lambda}}CDM}",
      journal = {\mnras},
     keywords = {methods: numerical, galaxies: formation, galaxies: kinematics and
        dynamics, cosmology: theory, Astrophysics - Astrophysics of
        Galaxies},
         year = 2018,
        month = May,
       volume = {476},
        pages = {198-209},
          doi = {10.1093/mnras/sty120},
 primaryClass = {astro-ph.GA},
       adsurl = {https://ui.adsabs.harvard.edu/#abs/2018MNRAS.476..198B},
      adsnote = {Provided by the SAO/NASA Astrophysics Data System}
}

@ARTICLE{bauer2018b,
       author = {{Bauer}, Jacob S. and {Widrow}, Lawrence M.},
        title = "{Can Stellar Discs in a Cosmological Setting Avoid Forming Strong Bars?}",
      journal = {ArXiv e-prints},
     keywords = {Astrophysics - Astrophysics of Galaxies},
         year = 2018,
        month = Aug,
          eid = {arXiv:1809.00090},
        pages = {arXiv:1809.00090},
archivePrefix = {arXiv},
       eprint = {1809.00090},
 primaryClass = {astro-ph.GA},
       adsurl = {https://ui.adsabs.harvard.edu/#abs/2018arXiv180900090B},
      adsnote = {Provided by the SAO/NASA Astrophysics Data System}
}


@ARTICLE{widrow_2012_sdss,
   author = {{Widrow}, L.~M. and {Gardner}, S. and {Yanny}, B. and {Dodelson}, S. and 
	{Chen}, H.-Y.},
    title = "{Galactoseismology: Discovery of Vertical Waves in the Galactic Disk}",
  journal = {\apjl},
archivePrefix = "arXiv",
   eprint = {1203.6861},
 keywords = {Galaxy: kinematics and dynamics, solar neighborhood},
     year = 2012,
    month = may,
   volume = 750,
      eid = {L41},
    pages = {L41},
      doi = {10.1088/2041-8205/750/2/L41},
   adsurl = {http://adsabs.harvard.edu/abs/2012ApJ...750L..41W},
  adsnote = {Provided by the SAO/NASA Astrophysics Data System}
}



@ARTICLE{carlin_2013_lamost,
   author = {{Carlin}, J.~L. and {DeLaunay}, J. and {Newberg}, H.~J. and 
	{Deng}, L. and {Gole}, D. and {Grabowski}, K. and {Jin}, G. and 
	{Liu}, C. and {Liu}, X. and {Luo}, A.-L. and {Yuan}, H. and 
	{Zhang}, H. and {Zhao}, G. and {Zhao}, Y.},
    title = "{Substructure in Bulk Velocities of Milky Way Disk Stars}",
  journal = {\apjl},
archivePrefix = "arXiv",
   eprint = {1309.6314},
 keywords = {Galaxy: disk, Galaxy: kinematics and dynamics, Galaxy: stellar content, Galaxy: structure, stars: kinematics and dynamics},
     year = 2013,
    month = nov,
   volume = 777,
      eid = {L5},
    pages = {L5},
      doi = {10.1088/2041-8205/777/1/L5},
   adsurl = {http://adsabs.harvard.edu/abs/2013ApJ...777L...5C},
  adsnote = {Provided by the SAO/NASA Astrophysics Data System}
}


@ARTICLE{williams_2013_rave,
   author = {{Williams}, M.~E.~K. and {Steinmetz}, M. and {Binney}, J. and 
	{Siebert}, A. and {Enke}, H. and {Famaey}, B. and {Minchev}, I. and 
	{de Jong}, R.~S. and {Boeche}, C. and {Freeman}, K.~C. and {Bienaym{\'e}}, O. and 
	{Bland-Hawthorn}, J. and {Gibson}, B.~K. and {Gilmore}, G.~F. and 
	{Grebel}, E.~K. and {Helmi}, A. and {Kordopatis}, G. and {Munari}, U. and 
	{Navarro}, J.~F. and {Parker}, Q.~A. and {Reid}, W. and {Seabroke}, G.~M. and 
	{Sharma}, S. and {Siviero}, A. and {Watson}, F.~G. and {Wyse}, R.~F.~G. and 
	{Zwitter}, T.},
    title = "{The wobbly Galaxy: kinematics north and south with RAVE red-clump giants}",
  journal = {\mnras},
archivePrefix = "arXiv",
   eprint = {1302.2468},
 keywords = {Galaxy: kinematics and dynamics, solar neighbourhood, Galaxy: structure},
     year = 2013,
    month = nov,
   volume = 436,
    pages = {101-121},
      doi = {10.1093/mnras/stt1522},
   adsurl = {http://adsabs.harvard.edu/abs/2013MNRAS.436..101W},
  adsnote = {Provided by the SAO/NASA Astrophysics Data System}
}


@ARTICLE{bennet_2019_gaia,
   author = {{Bennett}, M. and {Bovy}, J.},
    title = "{Vertical waves in the solar neighbourhood in Gaia DR2}",
  journal = {\mnras},
archivePrefix = "arXiv",
   eprint = {1809.03507},
 keywords = {instabilities, Galaxy: disc, Galaxy: fundamental parameters, Galaxy: kinematics and dynamics, solar neighbourhood, Galaxy: structure},
     year = 2019,
    month = jan,
   volume = 482,
    pages = {1417-1425},
      doi = {10.1093/mnras/sty2813},
   adsurl = {http://adsabs.harvard.edu/abs/2019MNRAS.482.1417B},
  adsnote = {Provided by the SAO/NASA Astrophysics Data System}
}

@ARTICLE{gaia_collab,
   author = {{Gaia Collaboration} and {Katz}, D. and {Antoja}, T. and {Romero-G{\'o}mez}, M. and 
	{Drimmel}, R. and {Reyl{\'e}}, C. and {Seabroke}, G.~M. and 
	{Soubiran}, C. and {Babusiaux}, C. and {Di Matteo}, P. and et al.},
    title = "{Gaia Data Release 2. Mapping the Milky Way disc kinematics}",
  journal = {\aap},
archivePrefix = "arXiv",
   eprint = {1804.09380},
 keywords = {Galaxy: kinematics and dynamics - Galaxy: disk - solar neighborhood},
     year = 2018,
    month = aug,
   volume = 616,
      eid = {A11},
    pages = {A11},
      doi = {10.1051/0004-6361/201832865},
   adsurl = {http://adsabs.harvard.edu/abs/2018A%26A...616A..11G},
  adsnote = {Provided by the SAO/NASA Astrophysics Data System}
}

@ARTICLE{carrillo_2018_rave,
   author = {{Carrillo}, I. and {Minchev}, I. and {Kordopatis}, G. and {Steinmetz}, M. and 
	{Binney}, J. and {Anders}, F. and {Bienaym{\'e}}, O. and {Bland-Hawthorn}, J. and 
	{Famaey}, B. and {Freeman}, K.~C. and {Gilmore}, G. and {Gibson}, B.~K. and 
	{Grebel}, E.~K. and {Helmi}, A. and {Just}, A. and {Kunder}, A. and 
	{McMillan}, P. and {Monari}, G. and {Munari}, U. and {Navarro}, J. and 
	{Parker}, Q.~A. and {Reid}, W. and {Seabroke}, G. and {Sharma}, S. and 
	{Siebert}, A. and {Watson}, F. and {Wojno}, J. and {Wyse}, R.~F.~G. and 
	{Zwitter}, T.},
    title = "{Is the Milky Way still breathing? RAVE-Gaia streaming motions}",
  journal = {\mnras},
archivePrefix = "arXiv",
   eprint = {1710.03763},
 keywords = {Galaxy: disc, Galaxy: kinematics and dynamics, Galaxy: structure},
     year = 2018,
    month = apr,
   volume = 475,
    pages = {2679-2696},
      doi = {10.1093/mnras/stx3342},
   adsurl = {http://adsabs.harvard.edu/abs/2018MNRAS.475.2679C},
  adsnote = {Provided by the SAO/NASA Astrophysics Data System}
}


@ARTICLE{mcconnachie_2006_m33,
   author = {{McConnachie}, A.~W. and {Chapman}, S.~C. and {Ibata}, R.~A. and 
	{Ferguson}, A.~M.~N. and {Irwin}, M.~J. and {Lewis}, G.~F. and 
	{Tanvir}, N.~R. and {Martin}, N.},
    title = "{The Stellar Halo and Outer Disk of M33}",
  journal = {\apjl},
   eprint = {astro-ph/0606728},
 keywords = {Galaxies: Individual: Messier Number: M33, Galaxies: Stellar Content, Galaxies: Structure, Galaxies: Local Group},
     year = 2006,
    month = aug,
   volume = 647,
    pages = {L25-L28},
      doi = {10.1086/507299},
   adsurl = {http://adsabs.harvard.edu/abs/2006ApJ...647L..25M},
  adsnote = {Provided by the SAO/NASA Astrophysics Data System}
}



@ARTICLE{mcconnachie_2010_m33,
   author = {{McConnachie}, A.~W. and {Ferguson}, A.~M.~N. and {Irwin}, M.~J. and 
	{Dubinski}, J. and {Widrow}, L.~M. and {Dotter}, A. and {Ibata}, R. and 
	{Lewis}, G.~F.},
    title = "{The Photometric Properties of a Vast Stellar Substructure in the Outskirts of M33}",
  journal = {\apj},
archivePrefix = "arXiv",
   eprint = {1009.2804},
 keywords = {galaxies: halos, galaxies: individual: M33 M31, galaxies: interactions, galaxies: structure, Local Group},
     year = 2010,
    month = nov,
   volume = 723,
    pages = {1038-1052},
      doi = {10.1088/0004-637X/723/2/1038},
   adsurl = {http://adsabs.harvard.edu/abs/2010ApJ...723.1038M},
  adsnote = {Provided by the SAO/NASA Astrophysics Data System}
}

@ARTICLE{dorman_2013_m31,
   author = {{Dorman}, C.~E. and {Widrow}, L.~M. and {Guhathakurta}, P. and 
	{Seth}, A.~C. and {Foreman-Mackey}, D. and {Bell}, E.~F. and 
	{Dalcanton}, J.~J. and {Gilbert}, K.~M. and {Skillman}, E.~D. and 
	{Williams}, B.~F.},
    title = "{A New Approach to Detailed Structural Decomposition from the SPLASH and PHAT Surveys: Kicked-up Disk Stars in the Andromeda Galaxy?}",
  journal = {\apj},
archivePrefix = "arXiv",
   eprint = {1310.4179},
 keywords = {galaxies: kinematics and dynamics, galaxies: spiral, galaxies: structure, Local Group },
     year = 2013,
    month = dec,
   volume = 779,
      eid = {103},
    pages = {103},
      doi = {10.1088/0004-637X/779/2/103},
   adsurl = {http://adsabs.harvard.edu/abs/2013ApJ...779..103D},
  adsnote = {Provided by the SAO/NASA Astrophysics Data System}
}

@ARTICLE{bernard_2015_m31,
   author = {{Bernard}, E.~J. and {Ferguson}, A.~M.~N. and {Richardson}, J.~C. and 
	{Irwin}, M.~J. and {Barker}, M.~K. and {Hidalgo}, S.~L. and 
	{Aparicio}, A. and {Chapman}, S.~C. and {Ibata}, R.~A. and {Lewis}, G.~F. and 
	{McConnachie}, A.~W. and {Tanvir}, N.~R.},
    title = "{The nature and origin of substructure in the outskirts of M31 - II. Detailed star formation histories}",
  journal = {\mnras},
archivePrefix = "arXiv",
   eprint = {1406.2247},
 keywords = {galaxies: evolution, galaxies: formation, galaxies: haloes, galaxies: individual: M31, Local Group, galaxies: stellar content},
     year = 2015,
    month = jan,
   volume = 446,
    pages = {2789-2801},
      doi = {10.1093/mnras/stu2309},
   adsurl = {http://adsabs.harvard.edu/abs/2015MNRAS.446.2789B},
  adsnote = {Provided by the SAO/NASA Astrophysics Data System}
}

@ARTICLE{richardson_2008_m31,
   author = {{Richardson}, J.~C. and {Ferguson}, A.~M.~N. and {Johnson}, R.~A. and 
	{Irwin}, M.~J. and {Tanvir}, N.~R. and {Faria}, D.~C. and {Ibata}, R.~A. and 
	{Johnston}, K.~V. and {Lewis}, G.~F. and {McConnachie}, A.~W. and 
	{Chapman}, S.~C.},
    title = "{The Nature and Origin of Substructure in the Outskirts of M31. I. Surveying the Stellar Content with the Hubble Space Telescope Advanced Camera for Surveys}",
  journal = {\aj},
archivePrefix = "arXiv",
   eprint = {0803.2614},
 keywords = {galaxies: evolution, galaxies: formation, galaxies: halos, galaxies: individual: M31, galaxies: stellar content, galaxies: structure},
     year = 2008,
    month = jun,
   volume = 135,
    pages = {1998-2012},
      doi = {10.1088/0004-6256/135/6/1998},
   adsurl = {http://adsabs.harvard.edu/abs/2008AJ....135.1998R},
  adsnote = {Provided by the SAO/NASA Astrophysics Data System}
}

@ARTICLE{chequers_2017,
   author = {{Chequers}, M.~H. and {Widrow}, L.~M.},
    title = "{Spontaneous generation of bending waves in isolated Milky Way-like discs}",
  journal = {\mnras},
archivePrefix = "arXiv",
   eprint = {1708.06662},
 keywords = {Galaxy: disc, galaxies: evolution, galaxies: kinematics and dynamics, galaxies: structure},
     year = 2017,
    month = dec,
   volume = 472,
    pages = {2751-2763},
      doi = {10.1093/mnras/stx2165},
   adsurl = {http://adsabs.harvard.edu/abs/2017MNRAS.472.2751C},
  adsnote = {Provided by the SAO/NASA Astrophysics Data System}
}

@ARTICLE{pearl_2017,
   author = {{Pearl}, A.~N. and {Newberg}, H.~J. and {Carlin}, J.~L. and 
	{Smith}, R.~F.},
    title = "{A Map of the Local Velocity Substructure in the Milky Way Disk}",
  journal = {\apj},
archivePrefix = "arXiv",
   eprint = {1708.03672},
 keywords = {astrometry, Galaxy: disk, Galaxy: kinematics and dynamics, Galaxy: structure, stars: kinematics and dynamics},
     year = 2017,
    month = oct,
   volume = 847,
      eid = {123},
    pages = {123},
      doi = {10.3847/1538-4357/aa8623},
   adsurl = {http://adsabs.harvard.edu/abs/2017ApJ...847..123P},
  adsnote = {Provided by the SAO/NASA Astrophysics Data System}
}



@ARTICLE{xu_2015,
   author = {{Xu}, Y. and {Newberg}, H.~J. and {Carlin}, J.~L. and {Liu}, C. and 
	{Deng}, L. and {Li}, J. and {Sch{\"o}nrich}, R. and {Yanny}, B.
	},
    title = "{Rings and Radial Waves in the Disk of the Milky Way}",
  journal = {\apj},
archivePrefix = "arXiv",
   eprint = {1503.00257},
 keywords = {Galaxy: disk, Galaxy: kinematics and dynamics, Galaxy: structure},
     year = 2015,
    month = mar,
   volume = 801,
      eid = {105},
    pages = {105},
      doi = {10.1088/0004-637X/801/2/105},
   adsurl = {http://adsabs.harvard.edu/abs/2015ApJ...801..105X},
  adsnote = {Provided by the SAO/NASA Astrophysics Data System}
}

@ARTICLE{yanny_2003,
   author = {{Yanny}, B. and {Newberg}, H.~J. and {Grebel}, E.~K. and {Kent}, S. and 
	{Odenkirchen}, M. and {Rockosi}, C.~M. and {Schlegel}, D. and 
	{Subbarao}, M. and {Brinkmann}, J. and {Fukugita}, M. and {Ivezic}, {\v Z}. and 
	{Lamb}, D.~Q. and {Schneider}, D.~P. and {York}, D.~G.},
    title = "{A Low-Latitude Halo Stream around the Milky Way}",
  journal = {\apj},
   eprint = {astro-ph/0301029},
 keywords = {Galaxy: Halo, Galaxy: Structure},
     year = 2003,
    month = may,
   volume = 588,
    pages = {824-841},
      doi = {10.1086/374220},
   adsurl = {http://adsabs.harvard.edu/abs/2003ApJ...588..824Y},
  adsnote = {Provided by the SAO/NASA Astrophysics Data System}
}


@ARTICLE{crane_2003,
   author = {{Crane}, J.~D. and {Majewski}, S.~R. and {Rocha-Pinto}, H.~J. and 
	{Frinchaboy}, P.~M. and {Skrutskie}, M.~F. and {Law}, D.~R.},
    title = "{Exploring Halo Substructure with Giant Stars: Spectroscopy of Stars in the Galactic Anticenter Stellar Structure}",
  journal = {\apjl},
   eprint = {astro-ph/0307505},
 keywords = {Galaxies: Interactions, Galaxy: Disk, Galaxy: Structure},
     year = 2003,
    month = sep,
   volume = 594,
    pages = {L119-L122},
      doi = {10.1086/378767},
   adsurl = {http://adsabs.harvard.edu/abs/2003ApJ...594L.119C},
  adsnote = {Provided by the SAO/NASA Astrophysics Data System}
}


@ARTICLE{rocha-pinto_2003,
   author = {{Rocha-Pinto}, H.~J. and {Majewski}, S.~R. and {Skrutskie}, M.~F. and 
	{Crane}, J.~D.},
    title = "{Tracing the Galactic Anticenter Stellar Stream with 2MASS M Giants}",
  journal = {\apjl},
 keywords = {Galaxies: Interactions, Galaxy: Disk, Galaxy: Structure},
     year = 2003,
    month = sep,
   volume = 594,
    pages = {L115-L118},
      doi = {10.1086/378668},
   adsurl = {http://adsabs.harvard.edu/abs/2003ApJ...594L.115R},
  adsnote = {Provided by the SAO/NASA Astrophysics Data System}
}

@ARTICLE{monoceros_disk_origin,
   author = {{Sheffield}, A.~A. and {Price-Whelan}, A.~M. and {Tzanidakis}, A. and 
	{Johnston}, K.~V. and {Laporte}, C.~F.~P. and {Sesar}, B.},
    title = "{A Disk Origin for the Monoceros Ring and A13 Stellar Overdensities}",
  journal = {\apj},
archivePrefix = "arXiv",
   eprint = {1801.01171},
 keywords = {galaxies: interactions, Galaxy: disk, Galaxy: formation, Galaxy: halo, Galaxy: structure},
     year = 2018,
    month = feb,
   volume = 854,
      eid = {47},
    pages = {47},
      doi = {10.3847/1538-4357/aaa4b6},
   adsurl = {http://adsabs.harvard.edu/abs/2018ApJ...854...47S},
  adsnote = {Provided by the SAO/NASA Astrophysics Data System}
}

@ARTICLE{deason_2018,
   author = {{Deason}, A.~J. and {Belokurov}, V. and {Koposov}, S.~E.},
    title = "{Cresting the wave: proper motions of the Eastern Banded Structure}",
  journal = {\mnras},
archivePrefix = "arXiv",
   eprint = {1709.08633},
 keywords = {Galaxy: halo, Galaxy: kinematics and dynamics, Galaxy: structure},
     year = 2018,
    month = jan,
   volume = 473,
    pages = {2428-2433},
      doi = {10.1093/mnras/stx2528},
   adsurl = {http://adsabs.harvard.edu/abs/2018MNRAS.473.2428D},
  adsnote = {Provided by the SAO/NASA Astrophysics Data System}
}

@ARTICLE{johnston_kud_review,
   author = {{Johnston}, K.~V. and {Price-Whelan}, A.~M. and {Bergemann}, M. and 
	{Laporte}, C. and {Li}, T.~S. and {Sheffield}, A.~A. and {Majewski}, S.~R. and 
	{Beaton}, R.~S. and {Sesar}, B. and {Sharma}, S.},
    title = "{Disk Heating, Galactoseismology, and the Formation of Stellar Halos}",
  journal = {Galaxies},
archivePrefix = "arXiv",
   eprint = {1709.00491},
     year = 2017,
    month = aug,
   volume = 5,
    pages = {44},
      doi = {10.3390/galaxies5030044},
   adsurl = {http://adsabs.harvard.edu/abs/2017Galax...5...44J},
  adsnote = {Provided by the SAO/NASA Astrophysics Data System}
}


@ARTICLE{triand_discovery,
   author = {{Rocha-Pinto}, H.~J. and {Majewski}, S.~R. and {Skrutskie}, M.~F. and 
	{Crane}, J.~D. and {Patterson}, R.~J.},
    title = "{Exploring Halo Substructure with Giant Stars: A Diffuse Star Cloud or Tidal Debris around the Milky Way in Triangulum-Andromeda}",
  journal = {\apj},
   eprint = {astro-ph/0405437},
 keywords = {Galaxies: Interactions, Galaxy: Disk, Galaxy: Structure},
     year = 2004,
    month = nov,
   volume = 615,
    pages = {732-737},
      doi = {10.1086/424585},
   adsurl = {http://adsabs.harvard.edu/abs/2004ApJ...615..732R},
  adsnote = {Provided by the SAO/NASA Astrophysics Data System}
}


@ARTICLE{a13_discovery,
   author = {{Sharma}, S. and {Johnston}, K.~V. and {Majewski}, S.~R. and 
	{Mu{\~n}oz}, R.~R. and {Carlberg}, J.~K. and {Bullock}, J.},
    title = "{Group Finding in the Stellar Halo Using M-giants in the Two Micron All Sky Survey: An Extended View of the Pisces Overdensity?}",
  journal = {\apj},
archivePrefix = "arXiv",
   eprint = {1009.0924},
 keywords = {galaxies: halos, galaxies: structure, methods: data analysis, methods: numerical},
     year = 2010,
    month = oct,
   volume = 722,
    pages = {750-759},
      doi = {10.1088/0004-637X/722/1/750},
   adsurl = {http://adsabs.harvard.edu/abs/2010ApJ...722..750S},
  adsnote = {Provided by the SAO/NASA Astrophysics Data System}
}


@ARTICLE{gomez_2013,
   author = {{G{\'o}mez}, F.~A. and {Minchev}, I. and {O'Shea}, B.~W. and 
	{Beers}, T.~C. and {Bullock}, J.~S. and {Purcell}, C.~W.},
    title = "{Vertical density waves in the Milky Way disc induced by the Sagittarius dwarf galaxy}",
  journal = {\mnras},
archivePrefix = "arXiv",
   eprint = {1207.3083},
 keywords = {Galaxy: disc, Galaxy: structure, galaxies: formation, galaxies: kinematics and dynamics},
     year = 2013,
    month = feb,
   volume = 429,
    pages = {159-164},
      doi = {10.1093/mnras/sts327},
   adsurl = {http://adsabs.harvard.edu/abs/2013MNRAS.429..159G},
  adsnote = {Provided by the SAO/NASA Astrophysics Data System}
}

@ARTICLE{widrow_2014,
   author = {{Widrow}, L.~M. and {Barber}, J. and {Chequers}, M.~H. and {Cheng}, E.
	},
    title = "{Bending and breathing modes of the Galactic disc}",
  journal = {\mnras},
archivePrefix = "arXiv",
   eprint = {1404.4069},
 keywords = {Galaxy: kinematics and dynamics, solar neighbourhood, Galaxy: structure},
     year = 2014,
    month = may,
   volume = 440,
    pages = {1971-1981},
      doi = {10.1093/mnras/stu396},
   adsurl = {http://adsabs.harvard.edu/abs/2014MNRAS.440.1971W},
  adsnote = {Provided by the SAO/NASA Astrophysics Data System}
}



@ARTICLE{feldmann_2015,
   author = {{Feldmann}, R. and {Spolyar}, D.},
    title = "{Detecting dark matter substructures around the Milky Way with Gaia}",
  journal = {\mnras},
archivePrefix = "arXiv",
   eprint = {1310.2243},
 keywords = {Galaxy: kinematics and dynamics, galaxies: haloes, dark matter},
     year = 2015,
    month = jan,
   volume = 446,
    pages = {1000-1012},
      doi = {10.1093/mnras/stu2147},
   adsurl = {http://adsabs.harvard.edu/abs/2015MNRAS.446.1000F},
  adsnote = {Provided by the SAO/NASA Astrophysics Data System}
}


@ARTICLE{dlv_2015,
   author = {{de la Vega}, A. and {Quillen}, A.~C. and {Carlin}, J.~L. and 
	{Chakrabarti}, S. and {D'Onghia}, E.},
    title = "{Phase wrapping of epicyclic perturbations in the Wobbly Galaxy}",
  journal = {\mnras},
archivePrefix = "arXiv",
   eprint = {1507.07489},
 keywords = {Galaxy: disc, Galaxy: kinematics and dynamics, Galaxy: structure},
     year = 2015,
    month = nov,
   volume = 454,
    pages = {933-945},
      doi = {10.1093/mnras/stv2055},
   adsurl = {http://adsabs.harvard.edu/abs/2015MNRAS.454..933D},
  adsnote = {Provided by the SAO/NASA Astrophysics Data System}
}

@ARTICLE{donghia_2016,
   author = {{D'Onghia}, E. and {Madau}, P. and {Vera-Ciro}, C. and {Quillen}, A. and 
	{Hernquist}, L.},
    title = "{Excitation of Coupled Stellar Motions in the Galactic Disk by Orbiting Satellites}",
  journal = {\apj},
archivePrefix = "arXiv",
   eprint = {1511.01503},
 keywords = {galaxies: kinematics and dynamics, Galaxy: disk, Galaxy: evolution, stars: kinematics and dynamics},
     year = 2016,
    month = may,
   volume = 823,
      eid = {4},
    pages = {4},
      doi = {10.3847/0004-637X/823/1/4},
   adsurl = {http://adsabs.harvard.edu/abs/2016ApJ...823....4D},
  adsnote = {Provided by the SAO/NASA Astrophysics Data System}
}

@ARTICLE{laporte_2016,
   author = {{Laporte}, C.~F.~P. and {G{\'o}mez}, F.~A. and {Besla}, G. and 
	{Johnston}, K.~V. and {Garavito-Camargo}, N.},
    title = "{Response of the Milky Way's disc to the Large Magellanic Cloud in a first infall scenario}",
  journal = {ArXiv e-prints},
archivePrefix = "arXiv",
   eprint = {1608.04743},
 keywords = {Astrophysics - Astrophysics of Galaxies},
     year = 2016,
    month = aug,
   adsurl = {http://adsabs.harvard.edu/abs/2016arXiv160804743L},
  adsnote = {Provided by the SAO/NASA Astrophysics Data System}
}

@ARTICLE{laporte_2018,
   author = {{Laporte}, C.~F.~P. and {G{\'o}mez}, F.~A. and {Besla}, G. and 
	{Johnston}, K.~V. and {Garavito-Camargo}, N.},
    title = "{Response of the Milky Way's disc to the Large Magellanic Cloud in a first infall scenario}",
  journal = {\mnras},
 keywords = {Galaxy: disc, Galaxy: evolution, Galaxy: kinematics and dynamics, Galaxy: structure},
     year = 2018,
    month = jan,
   volume = 473,
    pages = {1218-1230},
      doi = {10.1093/mnras/stx2146},
   adsurl = {http://adsabs.harvard.edu/abs/2018MNRAS.473.1218L},
  adsnote = {Provided by the SAO/NASA Astrophysics Data System}
}

@ARTICLE{chequers_2018,
   author = {{Chequers}, M.~H. and {Widrow}, L.~M. and {Darling}, K.},
    title = "{Bending waves in the Milky Way's disc from halo substructure}",
  journal = {\mnras},
archivePrefix = "arXiv",
   eprint = {1805.12449},
 keywords = {Galaxy: disc, galaxies: evolution, galaxies: kinematics and dynamics, galaxies: structure},
     year = 2018,
    month = nov,
   volume = 480,
    pages = {4244-4258},
      doi = {10.1093/mnras/sty2114},
   adsurl = {http://adsabs.harvard.edu/abs/2018MNRAS.480.4244C},
  adsnote = {Provided by the SAO/NASA Astrophysics Data System}
}

@ARTICLE{gauthier_2006,
   author = {{Gauthier}, J.-R. and {Dubinski}, J. and {Widrow}, L.~M.},
    title = "{Substructure around M31: Evolution and Effects}",
  journal = {\apj},
   eprint = {astro-ph/0606015},
 keywords = {Cosmology: Miscellaneous, Galaxies: Interactions, Methods: n-Body Simulations},
     year = 2006,
    month = dec,
   volume = 653,
    pages = {1180-1193},
      doi = {10.1086/508860},
   adsurl = {http://adsabs.harvard.edu/abs/2006ApJ...653.1180G},
  adsnote = {Provided by the SAO/NASA Astrophysics Data System}
}

@ARTICLE{hu_2016,
   author = {{Hu}, S. and {Sijacki}, D.},
    title = "{Stellar spiral structures in triaxial dark matter haloes}",
  journal = {\mnras},
archivePrefix = "arXiv",
   eprint = {1507.01643},
 keywords = {methods: numerical, galaxies: haloes, galaxies: spiral},
     year = 2016,
    month = sep,
   volume = 461,
    pages = {2789-2808},
      doi = {10.1093/mnras/stw1463},
   adsurl = {http://adsabs.harvard.edu/abs/2016MNRAS.461.2789H},
  adsnote = {Provided by the SAO/NASA Astrophysics Data System}
}


@ARTICLE{hu_2018,
   author = {{Hu}, S. and {Sijacki}, D.},
    title = "{Impact of cosmological satellites on stellar discs: dissecting one satelliteat a time}",
  journal = {\mnras},
archivePrefix = "arXiv",
   eprint = {1709.06107},
 keywords = {methods: numerical, galaxies: haloes, galaxies: spiral},
     year = 2018,
    month = aug,
   volume = 478,
    pages = {1576-1594},
      doi = {10.1093/mnras/sty1183},
   adsurl = {http://adsabs.harvard.edu/abs/2018MNRAS.478.1576H},
  adsnote = {Provided by the SAO/NASA Astrophysics Data System}
}


@ARTICLE{gomez_2017,
   author = {{G{\'o}mez}, F.~A. and {White}, S.~D.~M. and {Grand}, R.~J.~J. and 
	{Marinacci}, F. and {Springel}, V. and {Pakmor}, R.},
    title = "{Warps and waves in the stellar discs of the Auriga cosmological simulations}",
  journal = {\mnras},
archivePrefix = "arXiv",
   eprint = {1606.06295},
 keywords = {Galaxy: disc, Galaxy: evolution, galaxies: evolution, galaxies: interactions, galaxies: kinematics and dynamics},
     year = 2017,
    month = mar,
   volume = 465,
    pages = {3446-3460},
      doi = {10.1093/mnras/stw2957},
   adsurl = {http://adsabs.harvard.edu/abs/2017MNRAS.465.3446G},
  adsnote = {Provided by the SAO/NASA Astrophysics Data System}
}



@ARTICLE{debuhr_2012,
   author = {{DeBuhr}, J. and {Ma}, C.-P. and {White}, S.~D.~M.},
    title = "{Stellar discs in Aquarius dark matter haloes}",
  journal = {\mnras},
archivePrefix = "arXiv",
   eprint = {1205.6472},
 keywords = {galaxies: evolution, galaxies: formation, galaxies: kinematics and dynamics, galaxies: structure, cosmology: theory, dark matter},
     year = 2012,
    month = oct,
   volume = 426,
    pages = {983-999},
      doi = {10.1111/j.1365-2966.2012.21910.x},
   adsurl = {http://adsabs.harvard.edu/abs/2012MNRAS.426..983D},
  adsnote = {Provided by the SAO/NASA Astrophysics Data System}
}


@ARTICLE{ys_2015,
   author = {{Yurin}, D. and {Springel}, V.},
    title = "{The stability of stellar discs in Milky Way-sized dark matter haloes}",
  journal = {\mnras},
archivePrefix = "arXiv",
   eprint = {1411.3729},
 keywords = {methods: numerical, galaxies: formation, galaxies: kinematics and dynamics, cosmology: theory, dark matter},
     year = 2015,
    month = sep,
   volume = 452,
    pages = {2367-2387},
      doi = {10.1093/mnras/stv1454},
   adsurl = {http://adsabs.harvard.edu/abs/2015MNRAS.452.2367Y},
  adsnote = {Provided by the SAO/NASA Astrophysics Data System}
}


@ARTICLE{berentzen_2006,
   author = {{Berentzen}, I. and {Shlosman}, I.},
    title = "{Growing Live Disks within Cosmologically Assembling Asymmetric Halos: Washing Out the Halo Prolateness}",
  journal = {\apj},
   eprint = {astro-ph/0603487},
 keywords = {Cosmology: Dark Matter, Galaxies: Evolution, Galaxies: Formation, Galaxies: Halos, Galaxies: Kinematics and Dynamics, Galaxies: Structure},
     year = 2006,
    month = sep,
   volume = 648,
    pages = {807-819},
      doi = {10.1086/506016},
   adsurl = {http://adsabs.harvard.edu/abs/2006ApJ...648..807B},
  adsnote = {Provided by the SAO/NASA Astrophysics Data System}
}

%%%%%%%%%%%%

@ARTICLE{erkal_2016_stream_gaps,
       author = {{Erkal}, Denis and {Belokurov}, Vasily and {Bovy}, Jo and {Sand
        ers}, Jason L.},
        title = "{The number and size of subhalo-induced gaps in stellar streams}",
      journal = {\mnras},
     keywords = {Galaxy: fundamental parameters, galaxies: haloes, galaxies: structure, dark matter, Astrophysics - Astrophysics of Galaxies},
         year = "2016",
        month = "Nov",
       volume = {463},
       number = {1},
        pages = {102-119},
          doi = {10.1093/mnras/stw1957},
archivePrefix = {arXiv},
       eprint = {1606.04946},
 primaryClass = {astro-ph.GA},
       adsurl = {https://ui.adsabs.harvard.edu/abs/2016MNRAS.463..102E},
      adsnote = {Provided by the SAO/NASA Astrophysics Data System}
}

@ARTICLE{newberg_2010,
       author = {{Newberg}, Heidi Jo and {Willett}, Benjamin A. and {Yanny}, Brian and
         {Xu}, Yan},
        title = "{The Orbit of the Orphan Stream}",
      journal = {\apj},
     keywords = {Galaxy: halo, Galaxy: structure, stars: kinematics and dynamics, Astrophysics - Astrophysics of Galaxies},
         year = "2010",
        month = "Mar",
       volume = {711},
       number = {1},
        pages = {32-49},
          doi = {10.1088/0004-637X/711/1/32},
archivePrefix = {arXiv},
       eprint = {1001.0576},
 primaryClass = {astro-ph.GA},
       adsurl = {https://ui.adsabs.harvard.edu/abs/2010ApJ...711...32N},
      adsnote = {Provided by the SAO/NASA Astrophysics Data System}
}


@ARTICLE{sanders_binney_2013_a,
       author = {{Sanders}, Jason L. and {Binney}, James},
        title = "{Stream-orbit misalignment - I. The dangers of orbit-fitting}",
      journal = {\mnras},
     keywords = {Galaxy: halo, Galaxy: kinematics and dynamics, Galaxy: structure, galaxies: kinematics and dynamics, Astrophysics - Astrophysics of Galaxies},
         year = "2013",
        month = "Aug",
       volume = {433},
       number = {3},
        pages = {1813-1825},
          doi = {10.1093/mnras/stt806},
archivePrefix = {arXiv},
       eprint = {1305.1935},
 primaryClass = {astro-ph.GA},
       adsurl = {https://ui.adsabs.harvard.edu/abs/2013MNRAS.433.1813S},
      adsnote = {Provided by the SAO/NASA Astrophysics Data System}
}



@ARTICLE{belokurov_2007,
       author = {{Belokurov}, V. and {Evans}, N.~W. and {Irwin}, M.~J. and
         {Lynden-Bell}, D. and {Yanny}, B. and {Vidrih}, S. and {Gilmore}, G. and
         {Seabroke}, G. and {Zucker}, D.~B. and {Wilkinson}, M.~I. and
         {Hewett}, P.~C. and {Bramich}, D.~M. and {Fellhauer}, M. and
         {Newberg}, H.~J. and {Wyse}, R.~F.~G. and {Beers}, T.~C. and
         {Bell}, E.~F. and {Barentine}, J.~C. and {Brinkmann}, J. and
         {Cole}, N. and {Pan}, K. and {York}, D.~G.},
        title = "{An Orphan in the ``Field of Streams''}",
      journal = {\apj},
     keywords = {Galaxies: Kinematics and Dynamics, Galaxies: Structure, Galaxies: Local Group, Astrophysics},
         year = "2007",
        month = "Mar",
       volume = {658},
       number = {1},
        pages = {337-344},
          doi = {10.1086/511302},
archivePrefix = {arXiv},
       eprint = {astro-ph/0605705},
 primaryClass = {astro-ph},
       adsurl = {https://ui.adsabs.harvard.edu/abs/2007ApJ...658..337B},
      adsnote = {Provided by the SAO/NASA Astrophysics Data System}
}



@ARTICLE{grillmair_2006,
       author = {{Grillmair}, C.~J.},
        title = "{Substructure in Tidal Streams: Tributaries in the Anticenter Stream}",
      journal = {\apj},
     keywords = {Galaxy: Halo, Galaxy: Structure, Astrophysics},
         year = "2006",
        month = "Nov",
       volume = {651},
       number = {1},
        pages = {L29-L32},
          doi = {10.1086/509255},
archivePrefix = {arXiv},
       eprint = {astro-ph/0609449},
 primaryClass = {astro-ph},
       adsurl = {https://ui.adsabs.harvard.edu/abs/2006ApJ...651L..29G},
      adsnote = {Provided by the SAO/NASA Astrophysics Data System}
}


@ARTICLE{fellhauer_2006,
       author = {{Fellhauer}, M. and {Belokurov}, V. and {Evans}, N.~W. and
         {Wilkinson}, M.~I. and {Zucker}, D.~B. and {Gilmore}, G. and
         {Irwin}, M.~J. and {Bramich}, D.~M. and {Vidrih}, S. and
         {Wyse}, R.~F.~G. and {Beers}, T.~C. and {Brinkmann}, J.},
        title = "{The Origin of the Bifurcation in the Sagittarius Stream}",
      journal = {\apj},
     keywords = {Galaxies: Dwarf, galaxies: individual (Sgr dSph), Galaxy: Halo, Galaxy: Structure, Astrophysics},
         year = "2006",
        month = "Nov",
       volume = {651},
       number = {1},
        pages = {167-173},
          doi = {10.1086/507128},
archivePrefix = {arXiv},
       eprint = {astro-ph/0605026},
 primaryClass = {astro-ph},
       adsurl = {https://ui.adsabs.harvard.edu/abs/2006ApJ...651..167F},
      adsnote = {Provided by the SAO/NASA Astrophysics Data System}
}


@ARTICLE{majewski_2003,
       author = {{Majewski}, Steven R. and {Skrutskie}, M.~F. and {Weinberg}, Martin D. and
         {Ostheimer}, James C.},
        title = "{A Two Micron All Sky Survey View of the Sagittarius Dwarf Galaxy. I. Morphology of the Sagittarius Core and Tidal Arms}",
      journal = {\apj},
     keywords = {Galaxies: Individual: Name: Sagittarius Dwarf, Galaxies: Stellar Content, Galaxy: Halo, Galaxy: Kinematics and Dynamics, Galaxy: Structure, Galaxies: Local Group, Astrophysics},
         year = "2003",
        month = "Dec",
       volume = {599},
       number = {2},
        pages = {1082-1115},
          doi = {10.1086/379504},
archivePrefix = {arXiv},
       eprint = {astro-ph/0304198},
 primaryClass = {astro-ph},
       adsurl = {https://ui.adsabs.harvard.edu/abs/2003ApJ...599.1082M},
      adsnote = {Provided by the SAO/NASA Astrophysics Data System}
}



@ARTICLE{newberg_2002,
       author = {{Newberg}, Heidi Jo and {Yanny}, Brian and {Rockosi}, Connie and
         {Grebel}, Eva K. and {Rix}, Hans-Walter and {Brinkmann}, Jon and
         {Csabai}, Istvan and {Hennessy}, Greg and {Hindsley}, Robert B. and
         {Ibata}, Rodrigo and {Ivezi{\'c}}, Zeljko and {Lamb}, Don and
         {Nash}, E. Thomas and {Odenkirchen}, Michael and {Rave}, Heather A. and
         {Schneider}, D.~P. and {Smith}, J. Allyn and {Stolte}, Andrea and
         {York}, Donald G.},
        title = "{The Ghost of Sagittarius and Lumps in the Halo of the Milky Way}",
      journal = {\apj},
     keywords = {Galaxy: Halo, Galaxy: Structure, Astrophysics},
         year = "2002",
        month = "Apr",
       volume = {569},
       number = {1},
        pages = {245-274},
          doi = {10.1086/338983},
archivePrefix = {arXiv},
       eprint = {astro-ph/0111095},
 primaryClass = {astro-ph},
       adsurl = {https://ui.adsabs.harvard.edu/abs/2002ApJ...569..245N},
      adsnote = {Provided by the SAO/NASA Astrophysics Data System}
}


@ARTICLE{ibata_discovery,
   author = {{Ibata}, R.~A. and {Gilmore}, G. and {Irwin}, M.~J.},
    title = "{A dwarf satellite galaxy in Sagittarius}",
  journal = {\nat},
     year = 1994,
    month = jul,
   volume = 370,
    pages = {194-196},
      doi = {10.1038/370194a0},
   adsurl = {http://adsabs.harvard.edu/abs/1994Natur.370..194I},
  adsnote = {Provided by the SAO/NASA Astrophysics Data System}
}

@ARTICLE{SpringelMultiphase03,
   author = {{Springel}, V. and {Hernquist}, L.},
    title = "{Cosmological smoothed particle hydrodynamics simulations: a hybrid multiphase model for star formation}",
  journal = {\mnras},
   eprint = {astro-ph/0206393},
 keywords = {methods: numerical, galaxies: evolution, galaxies: formation},
     year = 2003,
    month = feb,
   volume = 339,
    pages = {289-311},
      doi = {10.1046/j.1365-8711.2003.06206.x},
   adsurl = {http://adsabs.harvard.edu/abs/2003MNRAS.339..289S},
  adsnote = {Provided by the SAO/NASA Astrophysics Data System}
}


@ARTICLE{Illustris,
   author = {{Vogelsberger}, M. and {Genel}, S. and {Springel}, V. and {Torrey}, P. and 
	{Sijacki}, D. and {Xu}, D. and {Snyder}, G. and {Nelson}, D. and 
	{Hernquist}, L.},
    title = "{Introducing the Illustris Project: simulating the coevolution of dark and visible matter in the Universe}",
  journal = {\mnras},
archivePrefix = "arXiv",
   eprint = {1405.2921},
 keywords = {methods: numerical, cosmology: theory},
     year = 2014,
    month = oct,
   volume = 444,
    pages = {1518-1547},
      doi = {10.1093/mnras/stu1536},
   adsurl = {http://adsabs.harvard.edu/abs/2014MNRAS.444.1518V},
  adsnote = {Provided by the SAO/NASA Astrophysics Data System}
}

@ARTICLE{Eagle,
   author = {{Schaye}, J. and {Crain}, R.~A. and {Bower}, R.~G. and {Furlong}, M. and 
	{Schaller}, M. and {Theuns}, T. and {Dalla Vecchia}, C. and 
	{Frenk}, C.~S. and {McCarthy}, I.~G. and {Helly}, J.~C. and 
	{Jenkins}, A. and {Rosas-Guevara}, Y.~M. and {White}, S.~D.~M. and 
	{Baes}, M. and {Booth}, C.~M. and {Camps}, P. and {Navarro}, J.~F. and 
	{Qu}, Y. and {Rahmati}, A. and {Sawala}, T. and {Thomas}, P.~A. and 
	{Trayford}, J.},
    title = "{The EAGLE project: simulating the evolution and assembly of galaxies and their environments}",
  journal = {\mnras},
archivePrefix = "arXiv",
   eprint = {1407.7040},
 keywords = {methods: numerical, galaxies: evolution, galaxies: formation, cosmology: theory},
     year = 2015,
    month = jan,
   volume = 446,
    pages = {521-554},
      doi = {10.1093/mnras/stu2058},
   adsurl = {http://adsabs.harvard.edu/abs/2015MNRAS.446..521S},
  adsnote = {Provided by the SAO/NASA Astrophysics Data System}
}

% Early sfr attempt by Cen and Ostriker

@ARTICLE{CenOstriker92,
   author = {{Cen}, R. and {Ostriker}, J.~P.},
    title = "{Galaxy formation and physical bias}",
  journal = {\apjl},
 keywords = {Bias, Cosmology, Dark Matter, Galactic Evolution, Universe, Computational Astrophysics, Computerized Simulation, Correlation Coefficients},
     year = 1992,
    month = nov,
   volume = 399,
    pages = {L113-L116},
      doi = {10.1086/186620},
   adsurl = {http://adsabs.harvard.edu/abs/1992ApJ...399L.113C},
  adsnote = {Provided by the SAO/NASA Astrophysics Data System}
}



% with cosmology

@INPROCEEDINGS{StinsonCosmological06,
   author = {{Stinson}, G.~S. and {Kaufmann}, T. and {Quinn}, T. and {Christensen}, C. and 
	{Wadsley}, J. and {Kazantzidis}, S.},
    title = "{Star Formation and Supernova Feedback in Smoothed Particle Hydrodynamic Simulations of Galaxy Formation}",
booktitle = {American Astronomical Society Meeting Abstracts},
     year = 2006,
   series = {Bulletin of the American Astronomical Society},
   volume = 38,
    month = dec,
      eid = {38.02},
    pages = {956},
   adsurl = {http://adsabs.harvard.edu/abs/2006AAS...209.3802S},
  adsnote = {Provided by the SAO/NASA Astrophysics Data System}
}

% Katz et al. 1996 with TreeSPH, radiative cooling, SFR

@ARTICLE{KatzSPH96,
   author = {{Katz}, N. and {Weinberg}, D.~H. and {Hernquist}, L.},
    title = "{Cosmological Simulations with TreeSPH}",
  journal = {\apjs},
   eprint = {astro-ph/9509107},
 keywords = {METHODS: NUMERICAL, HYDRODYNAMICS, GALAXIES: FORMATION, COSMOLOGY: LARGE-SCALE STRUCTURE OF UNIVERSE, COSMOLOGY: THEORY, COSMOLOGY: DARK MATTER},
     year = 1996,
    month = jul,
   volume = 105,
    pages = {19},
      doi = {10.1086/192305},
   adsurl = {http://adsabs.harvard.edu/abs/1996ApJS..105...19K},
  adsnote = {Provided by the SAO/NASA Astrophysics Data System}
}

% Getting better... Same author

@ARTICLE{DolagSPH02,
   author = {{Dolag}, K. and {Bartelmann}, M. and {Lesch}, H.},
    title = "{Evolution and structure of magnetic fields in simulated galaxy clusters}",
  journal = {\aap},
 keywords = {magnetic fields, galaxies: clusters: general, cosmology: theory},
     year = 2002,
    month = may,
   volume = 387,
    pages = {383-395},
      doi = {10.1051/0004-6361:20020241},
   adsurl = {http://adsabs.harvard.edu/abs/2002A%26A...387..383D},
  adsnote = {Provided by the SAO/NASA Astrophysics Data System}
}

% Lucy SPH

@ARTICLE{LucySPH,
   author = {{Lucy}, L.~B.},
    title = "{A numerical approach to the testing of the fission hypothesis}",
  journal = {\aj},
 keywords = {Binary Stars, Hypotheses, Nuclear Fission, Numerical Analysis, Protostars, Stellar Evolution, Astronomical Models, Difference Equations, Gas Dynamics, Monte Carlo Method, Numerical Stability, Particle Motion, Stellar Rotation},
     year = 1977,
    month = dec,
   volume = 82,
    pages = {1013-1024},
      doi = {10.1086/112164},
   adsurl = {http://adsabs.harvard.edu/abs/1977AJ.....82.1013L},
  adsnote = {Provided by the SAO/NASA Astrophysics Data System}
}


@ARTICLE{stinson2006,
   author = {{Stinson}, G. and {Seth}, A. and {Katz}, N. and {Wadsley}, J. and 
	{Governato}, F. and {Quinn}, T.},
    title = "{Star formation and feedback in smoothed particle hydrodynamic simulations - I. Isolated galaxies}",
  journal = {\mnras},
   eprint = {astro-ph/0602350},
 keywords = {hydrodynamics, methods: N-body simulations, stars: formation, Galaxy: evolution},
     year = 2006,
    month = dec,
   volume = 373,
    pages = {1074-1090},
      doi = {10.1111/j.1365-2966.2006.11097.x},
   adsurl = {http://adsabs.harvard.edu/abs/2006MNRAS.373.1074S},
  adsnote = {Provided by the SAO/NASA Astrophysics Data System}
}


@MISC{music,
   author = {{Hahn}, O. and {Abel}, T.},
    title = "{MUSIC: MUlti-Scale Initial Conditions}",
 keywords = {Software},
howpublished = {Astrophysics Source Code Library},
     year = 2013,
    month = nov,
archivePrefix = "ascl",
   eprint = {1311.011},
   adsurl = {http://adsabs.harvard.edu/abs/2013ascl.soft11011H},
  adsnote = {Provided by the SAO/NASA Astrophysics Data System}
}

@ARTICLE{katz1996feedback,
   author = {{Katz}, N. and {Weinberg}, D.~H. and {Hernquist}, L.},
    title = "{Cosmological Simulations with TreeSPH}",
  journal = {\apjs},
   eprint = {astro-ph/9509107},
 keywords = {METHODS: NUMERICAL, HYDRODYNAMICS, GALAXIES: FORMATION, COSMOLOGY: LARGE-SCALE STRUCTURE OF UNIVERSE, COSMOLOGY: THEORY, COSMOLOGY: DARK MATTER},
     year = 1996,
    month = jul,
   volume = 105,
    pages = {19},
      doi = {10.1086/192305},
   adsurl = {http://adsabs.harvard.edu/abs/1996ApJS..105...19K},
  adsnote = {Provided by the SAO/NASA Astrophysics Data System}
}


@ARTICLE{springel2003feedback,
   author = {{Springel}, V. and {Hernquist}, L.},
    title = "{Cosmological smoothed particle hydrodynamics simulations: a hybrid multiphase model for star formation}",
  journal = {\mnras},
   eprint = {astro-ph/0206393},
 keywords = {methods: numerical, galaxies: evolution, galaxies: formation},
     year = 2003,
    month = feb,
   volume = 339,
    pages = {289-311},
      doi = {10.1046/j.1365-8711.2003.06206.x},
   adsurl = {http://adsabs.harvard.edu/abs/2003MNRAS.339..289S},
  adsnote = {Provided by the SAO/NASA Astrophysics Data System}
}

@ARTICLE{mooresubhalos,
   author = {{Moore}, B. and {Ghigna}, S. and {Governato}, F. and {Lake}, G. and 
	{Quinn}, T. and {Stadel}, J. and {Tozzi}, P.},
    title = "{Dark Matter Substructure within Galactic Halos}",
  journal = {\apjl},
   eprint = {astro-ph/9907411},
 keywords = {COSMOLOGY: OBSERVATIONS, COSMOLOGY: THEORY, COSMOLOGY: DARK MATTER, GALAXIES: CLUSTERS: GENERAL, GALAXIES: FORMATION, Cosmology: Observations, Cosmology: Theory, Cosmology: Dark Matter, Galaxies: Clusters: General, Galaxies: Formation},
     year = 1999,
    month = oct,
   volume = 524,
    pages = {L19-L22},
      doi = {10.1086/312287},
   adsurl = {http://adsabs.harvard.edu/abs/1999ApJ...524L..19M},
  adsnote = {Provided by the SAO/NASA Astrophysics Data System}
}

% Springel paper about subhalos

@ARTICLE{springel2008,
   author = {{Springel}, V. and {Wang}, J. and {Vogelsberger}, M. and {Ludlow}, A. and 
	{Jenkins}, A. and {Helmi}, A. and {Navarro}, J.~F. and {Frenk}, C.~S. and 
	{White}, S.~D.~M.},
    title = "{The Aquarius Project: the subhaloes of galactic haloes}",
  journal = {\mnras},
archivePrefix = "arXiv",
   eprint = {0809.0898},
 keywords = {methods: numerical , dark matter},
     year = 2008,
    month = dec,
   volume = 391,
    pages = {1685-1711},
      doi = {10.1111/j.1365-2966.2008.14066.x},
   adsurl = {http://adsabs.harvard.edu/abs/2008MNRAS.391.1685S},
  adsnote = {Provided by the SAO/NASA Astrophysics Data System}
}


@ARTICLE{Klypin1999,
   author = {{Klypin}, A. and {Kravtsov}, A.~V. and {Valenzuela}, O. and 
	{Prada}, F.},
    title = "{Where Are the Missing Galactic Satellites?}",
  journal = {\apj},
   eprint = {astro-ph/9901240},
 keywords = {COSMOLOGY: THEORY, GALAXIES: CLUSTERS: GENERAL, GALAXIES: INTERACTIONS, GALAXY: FORMATION, GALAXIES: LOCAL GROUP, METHODS: NUMERICAL, Cosmology: Theory, Galaxies: Clusters: General, Galaxies: Interactions, Galaxy: Formation, Galaxies: Local Group, Methods: Numerical},
     year = 1999,
    month = sep,
   volume = 522,
    pages = {82-92},
      doi = {10.1086/307643},
   adsurl = {http://adsabs.harvard.edu/abs/1999ApJ...522...82K},
  adsnote = {Provided by the SAO/NASA Astrophysics Data System}
}


@ARTICLE{streamcount,
   author = {{McConnachie}, A.~W.},
    title = "{The Observed Properties of Dwarf Galaxies in and around the Local Group}",
  journal = {\aj},
archivePrefix = "arXiv",
   eprint = {1204.1562},
 keywords = {catalogs, galaxies: dwarf, galaxies: fundamental parameters, galaxies: general, galaxies: structure, Local Group},
     year = 2012,
    month = jul,
   volume = 144,
      eid = {4},
    pages = {4},
      doi = {10.1088/0004-6256/144/1/4},
   adsurl = {http://adsabs.harvard.edu/abs/2012AJ....144....4M},
  adsnote = {Provided by the SAO/NASA Astrophysics Data System}
}



@ARTICLE{de_blok_core_cusp,
       author = {{de Blok}, W.~J.~G.},
        title = "{The Core-Cusp Problem}",
      journal = {Advances in Astronomy},
     keywords = {Astrophysics - Cosmology and Nongalactic Astrophysics},
         year = "2010",
        month = "Jan",
       volume = {2010},
          eid = {789293},
        pages = {789293},
          doi = {10.1155/2010/789293},
archivePrefix = {arXiv},
       eprint = {0910.3538},
 primaryClass = {astro-ph.CO},
       adsurl = {https://ui.adsabs.harvard.edu/abs/2010AdAst2010E...5D},
      adsnote = {Provided by the SAO/NASA Astrophysics Data System}
}


@ARTICLE{nfw,
   author = {{Navarro}, J.~F. and {Frenk}, C.~S. and {White}, S.~D.~M.},
    title = "{A Universal Density Profile from Hierarchical Clustering}",
  journal = {\apj},
   eprint = {astro-ph/9611107},
 keywords = {Cosmology: Theory, Cosmology: Dark Matter, Galaxies: Halos, Methods: Numerical},
     year = 1997,
    month = dec,
   volume = 490,
    pages = {493-508},
      doi = {10.1086/304888},
   adsurl = {http://adsabs.harvard.edu/abs/1997ApJ...490..493N},
  adsnote = {Provided by the SAO/NASA Astrophysics Data System}
}


@Unpublished{local_group_map,
author = {Richard Powell},
title  = "{An Atlas of the Universe}",
year   = {2017},
url    = {http://www.atlasoftheuniverse.com/copyright.html},
note   = "{Image obtained from \url{https://en.wikipedia.org/wiki/File:Local_Group.svg}}"
OPTkey = {•},
OPTmonth = {•},
OPTyear = {•},
OPTannote = {•}
}


@ARTICLE{erkal_lmc,
   author = {{Erkal}, D. and {Belokurov}, V. and {Laporte}, C.~F.~P. and 
	{Koposov}, S.~E. and {Li}, T.~S. and {Grillmair}, C.~J. and 
	{Kallivayalil}, N. and {Price-Whelan}, A.~M. and {Evans}, N.~W. and 
	{Hawkins}, K. and {Hendel}, D. and {Mateu}, C. and {Navarro}, J.~F. and 
	{del Pino}, A. and {Slater}, C.~T. and {Sohn}, S.~T.},
    title = "{The total mass of the Large Magellanic Cloud from its perturbation on the Orphan stream}",
  journal = {arXiv e-prints},
archivePrefix = "arXiv",
   eprint = {1812.08192},
 keywords = {Astrophysics - Astrophysics of Galaxies},
     year = 2018,
    month = dec,
   adsurl = {http://adsabs.harvard.edu/abs/2018arXiv181208192E},
  adsnote = {Provided by the SAO/NASA Astrophysics Data System}
}


@ARTICLE{reiss_1998,
   author = {{Riess}, A.~G. and {Filippenko}, A.~V. and {Challis}, P. and 
	{Clocchiatti}, A. and {Diercks}, A. and {Garnavich}, P.~M. and 
	{Gilliland}, R.~L. and {Hogan}, C.~J. and {Jha}, S. and {Kirshner}, R.~P. and 
	{Leibundgut}, B. and {Phillips}, M.~M. and {Reiss}, D. and {Schmidt}, B.~P. and 
	{Schommer}, R.~A. and {Smith}, R.~C. and {Spyromilio}, J. and 
	{Stubbs}, C. and {Suntzeff}, N.~B. and {Tonry}, J.},
    title = "{Observational Evidence from Supernovae for an Accelerating Universe and a Cosmological Constant}",
  journal = {\aj},
   eprint = {astro-ph/9805201},
 keywords = {COSMOLOGY: OBSERVATIONS, STARS: SUPERNOVAE: GENERAL},
     year = 1998,
    month = sep,
   volume = 116,
    pages = {1009-1038},
      doi = {10.1086/300499},
   adsurl = {http://adsabs.harvard.edu/abs/1998AJ....116.1009R},
  adsnote = {Provided by the SAO/NASA Astrophysics Data System}
}

@ARTICLE{perlmutter_1999,
   author = {{Perlmutter}, S. and {Aldering}, G. and {Goldhaber}, G. and 
	{Knop}, R.~A. and {Nugent}, P. and {Castro}, P.~G. and {Deustua}, S. and 
	{Fabbro}, S. and {Goobar}, A. and {Groom}, D.~E. and {Hook}, I.~M. and 
	{Kim}, A.~G. and {Kim}, M.~Y. and {Lee}, J.~C. and {Nunes}, N.~J. and 
	{Pain}, R. and {Pennypacker}, C.~R. and {Quimby}, R. and {Lidman}, C. and 
	{Ellis}, R.~S. and {Irwin}, M. and {McMahon}, R.~G. and {Ruiz-Lapuente}, P. and 
	{Walton}, N. and {Schaefer}, B. and {Boyle}, B.~J. and {Filippenko}, A.~V. and 
	{Matheson}, T. and {Fruchter}, A.~S. and {Panagia}, N. and {Newberg}, H.~J.~M. and 
	{Couch}, W.~J. and {Project}, T.~S.~C.},
    title = "{Measurements of {$\Omega$} and {$\Lambda$} from 42 High-Redshift Supernovae}",
  journal = {\apj},
   eprint = {astro-ph/9812133},
 keywords = {COSMOLOGY: OBSERVATIONS, COSMOLOGY: DISTANCE SCALE, STARS: SUPERNOVAE: GENERAL, Cosmology: Observations, Cosmology: Distance Scale, Stars: Supernovae: General},
     year = 1999,
    month = jun,
   volume = 517,
    pages = {565-586},
      doi = {10.1086/307221},
   adsurl = {http://adsabs.harvard.edu/abs/1999ApJ...517..565P},
  adsnote = {Provided by the SAO/NASA Astrophysics Data System}
}

@BOOK{dodelson,
   author = {{Dodelson}, S.},
    title = "{Modern cosmology}",
 keywords = {Cosmology},
booktitle = {Modern cosmology / Scott Dodelson.~Amsterdam (Netherlands): Academic Press.~ISBN 0-12-219141-2, 2003, XIII + 440 p.},
     year = 2003,
   adsurl = {http://adsabs.harvard.edu/abs/2003moco.book.....D},
  adsnote = {Provided by the SAO/NASA Astrophysics Data System}
}


@BOOK{kolb_turner,
   author = {{Kolb}, E.~W. and {Turner}, M.~S.},
    title = "{The early universe.}",
 keywords = {Elementary Particles: Early Universe, Elementary Particles: Cosmology},
booktitle = {Front.~Phys., Vol.~69,},
     year = 1990,
   adsurl = {http://adsabs.harvard.edu/abs/1990eaun.book.....K},
  adsnote = {Provided by the SAO/NASA Astrophysics Data System}
}


@ARTICLE{planck_2018,
   author = {{Planck Collaboration} and {Aghanim}, N. and {Akrami}, Y. and 
	{Ashdown}, M. and {Aumont}, J. and {Baccigalupi}, C. and {Ballardini}, M. and 
	{Banday}, A.~J. and {Barreiro}, R.~B. and {Bartolo}, N. and 
	{Basak}, S. and {Battye}, R. and {Benabed}, K. and {Bernard}, J.-P. and 
	{Bersanelli}, M. and {Bielewicz}, P. and {Bock}, J.~J. and {Bond}, J.~R. and 
	{Borrill}, J. and {Bouchet}, F.~R. and {Boulanger}, F. and {Bucher}, M. and 
	{Burigana}, C. and {Butler}, R.~C. and {Calabrese}, E. and {Cardoso}, J.-F. and 
	{Carron}, J. and {Challinor}, A. and {Chiang}, H.~C. and {Chluba}, J. and 
	{Colombo}, L.~P.~L. and {Combet}, C. and {Contreras}, D. and 
	{Crill}, B.~P. and {Cuttaia}, F. and {de Bernardis}, P. and 
	{de Zotti}, G. and {Delabrouille}, J. and {Delouis}, J.-M. and 
	{Di Valentino}, E. and {Diego}, J.~M. and {Dor{\'e}}, O. and 
	{Douspis}, M. and {Ducout}, A. and {Dupac}, X. and {Dusini}, S. and 
	{Efstathiou}, G. and {Elsner}, F. and {En{\ss}lin}, T.~A. and 
	{Eriksen}, H.~K. and {Fantaye}, Y. and {Farhang}, M. and {Fergusson}, J. and 
	{Fernandez-Cobos}, R. and {Finelli}, F. and {Forastieri}, F. and 
	{Frailis}, M. and {Franceschi}, E. and {Frolov}, A. and {Galeotta}, S. and 
	{Galli}, S. and {Ganga}, K. and {G{\'e}nova-Santos}, R.~T. and 
	{Gerbino}, M. and {Ghosh}, T. and {Gonz{\'a}lez-Nuevo}, J. and 
	{G{\'o}rski}, K.~M. and {Gratton}, S. and {Gruppuso}, A. and 
	{Gudmundsson}, J.~E. and {Hamann}, J. and {Handley}, W. and 
	{Herranz}, D. and {Hivon}, E. and {Huang}, Z. and {Jaffe}, A.~H. and 
	{Jones}, W.~C. and {Karakci}, A. and {Keih{\"a}nen}, E. and 
	{Keskitalo}, R. and {Kiiveri}, K. and {Kim}, J. and {Kisner}, T.~S. and 
	{Knox}, L. and {Krachmalnicoff}, N. and {Kunz}, M. and {Kurki-Suonio}, H. and 
	{Lagache}, G. and {Lamarre}, J.-M. and {Lasenby}, A. and {Lattanzi}, M. and 
	{Lawrence}, C.~R. and {Le Jeune}, M. and {Lemos}, P. and {Lesgourgues}, J. and 
	{Levrier}, F. and {Lewis}, A. and {Liguori}, M. and {Lilje}, P.~B. and 
	{Lilley}, M. and {Lindholm}, V. and {L{\'o}pez-Caniego}, M. and 
	{Lubin}, P.~M. and {Ma}, Y.-Z. and {Mac{\'{\i}}as-P{\'e}rez}, J.~F. and 
	{Maggio}, G. and {Maino}, D. and {Mandolesi}, N. and {Mangilli}, A. and 
	{Marcos-Caballero}, A. and {Maris}, M. and {Martin}, P.~G. and 
	{Martinelli}, M. and {Mart{\'{\i}}nez-Gonz{\'a}lez}, E. and 
	{Matarrese}, S. and {Mauri}, N. and {McEwen}, J.~D. and {Meinhold}, P.~R. and 
	{Melchiorri}, A. and {Mennella}, A. and {Migliaccio}, M. and 
	{Millea}, M. and {Mitra}, S. and {Miville-Desch{\^e}nes}, M.-A. and 
	{Molinari}, D. and {Montier}, L. and {Morgante}, G. and {Moss}, A. and 
	{Natoli}, P. and {N{\o}rgaard-Nielsen}, H.~U. and {Pagano}, L. and 
	{Paoletti}, D. and {Partridge}, B. and {Patanchon}, G. and {Peiris}, H.~V. and 
	{Perrotta}, F. and {Pettorino}, V. and {Piacentini}, F. and 
	{Polastri}, L. and {Polenta}, G. and {Puget}, J.-L. and {Rachen}, J.~P. and 
	{Reinecke}, M. and {Remazeilles}, M. and {Renzi}, A. and {Rocha}, G. and 
	{Rosset}, C. and {Roudier}, G. and {Rubi{\~n}o-Mart{\'{\i}}n}, J.~A. and 
	{Ruiz-Granados}, B. and {Salvati}, L. and {Sandri}, M. and {Savelainen}, M. and 
	{Scott}, D. and {Shellard}, E.~P.~S. and {Sirignano}, C. and 
	{Sirri}, G. and {Spencer}, L.~D. and {Sunyaev}, R. and {Suur-Uski}, A.-S. and 
	{Tauber}, J.~A. and {Tavagnacco}, D. and {Tenti}, M. and {Toffolatti}, L. and 
	{Tomasi}, M. and {Trombetti}, T. and {Valenziano}, L. and {Valiviita}, J. and 
	{Van Tent}, B. and {Vibert}, L. and {Vielva}, P. and {Villa}, F. and 
	{Vittorio}, N. and {Wandelt}, B.~D. and {Wehus}, I.~K. and {White}, M. and 
	{White}, S.~D.~M. and {Zacchei}, A. and {Zonca}, A.},
    title = "{Planck 2018 results. VI. Cosmological parameters}",
  journal = {arXiv e-prints},
archivePrefix = "arXiv",
   eprint = {1807.06209},
 keywords = {Astrophysics - Cosmology and Nongalactic Astrophysics},
     year = 2018,
    month = jul,
   adsurl = {http://adsabs.harvard.edu/abs/2018arXiv180706209P},
  adsnote = {Provided by the SAO/NASA Astrophysics Data System}
}
@ARTICLE{transfer_fn,
   author = {{Eisenstein}, D.~J. and {Hu}, W. and {Tegmark}, M.},
    title = "{Cosmic Complementarity: Joint Parameter Estimation from Cosmic Microwave Background Experiments and Redshift Surveys}",
  journal = {\apj},
   eprint = {astro-ph/9807130},
 keywords = {COSMOLOGY: COSMIC MICROWAVE BACKGROUND, COSMOLOGY: THEORY, COSMOLOGY: DARK MATTER, COSMOLOGY: LARGE-SCALE STRUCTURE OF UNIVERSE, METHODS: NUMERICAL, Cosmology: Cosmic Microwave Background, Cosmology: Theory, Cosmology: Dark Matter, Cosmology: Large-Scale Structure of Universe, Methods: Numerical},
     year = 1999,
    month = jun,
   volume = 518,
    pages = {2-23},
      doi = {10.1086/307261},
   adsurl = {http://adsabs.harvard.edu/abs/1999ApJ...518....2E},
  adsnote = {Provided by the SAO/NASA Astrophysics Data System}
}


@Misc{2010_us_census,
author = "{U.S. Census Bureau}",
title = "{Population Distribution in the United States and Puerto Rico}",
year = {2010},
url  = {https://www.census.gov/geo/maps-data/maps/2010popdistribution.html}
}

@Misc{manhattan_population_density,
author = "{U.S. Census Bureau}",
title = "{2010 Census Gazetteer Files: New York County Subdivisions}",
year = {2010},
url  = {http://www2.census.gov/geo/docs/maps-data/data/gazetteer/county_sub_list_34.txt}
}

@Misc{history_of_nyc,
author = "{Wikipedia}",
title = "{History of New York City}",
year = {2018},
url  = {https://en.wikipedia.org/wiki/History_of_New_York_City}
}
