@ARTICLE{sellwood_2019,
       author = {{Sellwood}, J.~A. and {Shen}, Juntai and {Li}, Zhi},
        title = "{The global stability of M33: still a puzzle}",
      journal = {\mnras},
     keywords = {galaxies: evolution, galaxies: kinematics and dynamics, Local Group, galaxies: spiral, Astrophysics - Astrophysics of Galaxies},
         year = "2019",
        month = "Jul",
       volume = {486},
       number = {4},
        pages = {4710-4723},
          doi = {10.1093/mnras/stz1145},
archivePrefix = {arXiv},
       eprint = {1902.07222},
 primaryClass = {astro-ph.GA},
       adsurl = {https://ui.adsabs.harvard.edu/abs/2019MNRAS.486.4710S},
      adsnote = {Provided by the SAO/NASA Astrophysics Data System}
}

@ARTICLE{deg_2019,
   author = {{Deg}, N. and {Widrow}, L.~M. and {Randriamampandry}, T. and 
	{Carignan}, C.},
    title = "{GALACTICS with gas}",
  journal = {\mnras},
archivePrefix = "arXiv",
   eprint = {1904.12700},
 keywords = {galaxies: kinematics and dynamics, galaxies: structure},
     year = 2019,
    month = jul,
   volume = 486,
    pages = {5391-5399},
      doi = {10.1093/mnras/stz1203},
   adsurl = {https://ui.adsabs.harvard.edu/abs/2019MNRAS.486.5391D},
  adsnote = {Provided by the SAO/NASA Astrophysics Data System}
}

@ARTICLE{read_2019,
   author = {{Read}, J.~I. and {Erkal}, D.},
    title = "{Abundance matching with the mean star formation rate: there is no missing satellites problem in the Milky Way above $M_{200}\sim10^9 M_\odot$}",
  journal = {\mnras},
archivePrefix = "arXiv",
   eprint = {1807.07093},
 keywords = {cosmology: dark matter, cosmology: observations, galaxies: abundances, galaxies: dwarf, galaxies: haloes, galaxies: kinematics and dynamics},
     year = 2019,
    month = jun,
      doi = {10.1093/mnras/stz1320},
   adsurl = {https://ui.adsabs.harvard.edu/abs/2019MNRAS.tmp.1615R},
  adsnote = {Provided by the SAO/NASA Astrophysics Data System}
}
